3188 5212
815 493 991 530 ..22-

354 657 516 716 Strackius:
553 656 602 714 die
633 655 798 731 Lustlinge;
830 654 948 712 adicere
978 670 1136 728 possumus
1166 651 1305 709 XXXVI
1336 651 1374 725 48
1405 653 1467 709 tali

354 753 516 812 ancton'tate
536 753 552 810 i.
576 772 600 810 e.
623 753 661 810 ab
686 751 808 809 homine
839 751 903 808 talis
927 749 1115 819 auctoritatis
1137 749 1251 806 inventa
1273 769 1307 806 re.
1344 749 1460 825 Magna

354 851 444 909 etiam
465 859 509 908 est
530 850 573 908 vis
594 849 732 908 abstracti
754 847 927 907 substantivi
949 848 988 905 ad
1017 846 1283 922 breviloquentiam
1305 846 1457 922 pertinens

354 947 492 1006 XXXVI
512 945 575 1018 116,
597 947 647 1004 ubi
662 955 721 1006 est:
743 945 884 1020 aliamque
898 946 1009 1003 conectit
1024 945 1155 1001 maiorem
1171 944 1313 1001 insaniam
1335 943 1455 1019 eligam·

353 1045 448 1103 maior
469 1045 548 1104 enim
569 1044 682 1102 insania
704 1062 721 1100 e
742 1044 821 1120 ligno
849 1043 930 1100 idem
959 1051 1002 1100 est
1028 1051 1118 1118 atque
1146 1040 1315 1098 aedilicium
1337 1059 1354 1098 e
1376 1041 1455 1116 ligno

353 1144 463 1200 lactum
478 1141 589 1200 maiore
609 1140 731 1199 insania.
775 1140 845 1198 Hoc
866 1139 1035 1216 exemplum
1056 1140 1249 1214 insequantur
1270 1156 1332 1196 non
1353 1137 1451 1196 minus

353 1248 518 1297 memoratu
539 1239 643 1315 digna:
675 1237 721 1296 IX
742 1254 782 1313 94
810 1237 972 1312 navigeram
993 1237 1050 1294 sibi
1061 1235 1191 1313 prodidit
1211 1235 1363 1292 Matienus
1383 1236 1400 1292 i.
1426 1254 1451 1293 e.

353 1336 433 1393 aliud
462 1336 570 1394 animal
600 1335 667 1394 navi
698 1335 806 1408 simile;
837 1335 883 1391 vel
905 1334 982 1392 XXI
1009 1351 1042 1409 13
1067 1334 1132 1391 inde
1152 1334 1277 1390 eductam
1299 1333 1455 1389 custodiam

353 1433 545 1500 bibereinssit
563 1433 580 1490 i.
605 1450 629 1490 e.
652 1432 804 1492 hominem
825 1431 1004 1489 custoditum
1026 1450 1043 1488 e
1065 1426 1181 1488 carcere
1196 1428 1384 1508 eductum1);
1405 1430 1455 1487 vel

354 1531 401 1588 IX
416 1547 454 1604 30
474 1530 593 1586 celeriter
605 1529 730 1606 delphini
741 1530 900 1586 exaudiant
913 1527 1046 1585 desideria
1060 1529 1077 1585 i.
1094 1547 1118 1586 e.
1134 1528 1256 1586 nomina
1271 1525 1449 1605 (simorum),

354 1646 431 1704 quae
452 1636 561 1696 amant,
584 1627 754 1685 exaudiunt.

460 1724 600 1800 Denique
614 1724 653 1782 ad
674 1723 745 1780 illud
769 1732 917 1782 transeam
941 1732 1038 1799 caput,
1060 1723 1222 1800 quodiam
1247 1723 1341 1799 attigit
1362 1721 1456 1781 Gras-

353 1821 495 1901 berger2),
516 1821 567 1898 qui
581 1822 701 1897 protulit
721 1821 905 1880 substantiva
918 1823 1065 1880 abstracta
1080 1822 1110 1878 in
1125 1840 1172 1879 -as
1186 1822 1231 1878 vel
1247 1821 1291 1878 -io
1306 1821 1455 1889 exeuntia,

354 1919 459 1996 quibus
490 1918 633 1976 adiciatur
661 1919 824 1995 genetivus,
860 1919 965 1976 usitata
1001 1937 1065 1976 esse
1095 1937 1149 1994 pro
1179 1916 1339 1987 adiectivis,
1371 1918 1456 1974 cuius

354 2017 495 2092 exemplis
516 2017 643 2091 primum
666 2015 787 2091 quidem
818 2016 892 2072 haec
913 2016 1025 2073 addere
1056 2016 1127 2072 mihi
1158 2015 1257 2073 liceat:
1290 2014 1336 2071 IX
1358 2012 1396 2087 64
1417 2035 1457 2070 ec

355 2113 460 2186 reliqna
487 2112 631 2169 nobilitate
651 2108 816 2188 (piscium);
847 2133 879 2183 92
901 2113 1034 2168 convertet
1058 2113 1087 2168 in
1109 2132 1136 2168 se
1155 2111 1297 2168 custodum
1319 2110 1455 2186 indigna·

353 2211 453 2266 tionem
486 2208 655 2266 adsiduitate
675 2210 756 2284 furti
783 2209 943 2279 immodici,·
983 2209 1013 2266 X
1037 2207 1091 2284 156
1122 2207 1262 2284 gallorum
1287 2209 1456 2284 generositas

352 2315 501 2382 spectatum
522 2305 585 2364 XII
604 2322 637 2380 13
656 2307 705 2364 lroc
719 2326 824 2382 quoque
845 2307 874 2363 in
893 2326 989 2381 genere
1003 2306 1195 2382 pumilionum
1211 2305 1358 2380 infelicitas
1379 2305 1455 2363 dicta

352 2404 417 2472 erit·
438 2403 530 2461 XVII
556 2419 606 2477 172
628 2403 766 2460 subtilitas
779 2403 973 2480 parsimoniae
993 2404 1154 2480 compendio
1176 2404 1289 2461 invenit.

461 2501 582 2559 Deinde
612 2519 675 2558 non
704 2501 801 2558 solum
829 2520 881 2576 per
912 2503 1059 2559 abstracta
1088 2502 1270 2560 substantiva
1290 2501 1321 2557 in
1343 2521 1397 2560 -as
1422 2509 1453 2558 et

354 2597 405 2654 -io
425 2598 479 2656 sed
499 2597 589 2655 etiam
609 2597 640 2654 in
662 2617 694 2654 -a
715 2597 853 2654 exeuntia
881 2597 959 2654 effici
988 2598 1107 2655 dicendi
1136 2599 1309 2656 brevitatem
1340 2618 1377 2657 ex
1405 2598 1451 2656 his

353 2695 492 2769 cognosci
508 2701 607 2769 potest
621 2693 763 2768 exemplis
779 2693 855 2750 XIV
875 2709 908 2751 12
912 2707 929 2768 5
944 2693 1016 2750 aceti
1027 2695 1100 2751 enim
1117 2695 1254 2770 nequitiae
1267 2687 1337 2752 inest
1351 2697 1453 2765 aerias,-

352 2791 429 2848 XVI
454 2805 508 2865 135
531 2810 585 2847 non
599 2793 698 2865 sanent
717 2791 826 2847 amomi
851 2791 987 2866 nardique
1015 2792 1128 2850 deliciae
1148 2793 1164 2850 i.
1187 2812 1211 2850 e.
1235 2794 1288 2850 das
1317 2793 1450 2851 liebliche

353 2887 516 2944 Amomnm
538 2888 600 2943 und
622 2886 759 2944 Nardum
780 2896 888 2965 ertrttgt
916 2907 947 2947 es
975 2890 1057 2948 nicht
1079 2935 1084 2947 .
1108 2936 1113 2947 .
1137 2936 1143 2948 .
1166 2910 1203 2948 zu
1223 2891 1364 2948 wandern
1385 2891 1401 2947 i.
1423 2909 1448 2947 e.

351 2985 515 3060 verpllanzt
531 3002 567 3040 zu
581 2986 708 3053 werden,
730 3005 766 3042 ex
785 2987 874 3044 India
889 2989 1080 3063 peregrinam·
1103 2988 1149 3045 IX
1160 3005 1197 3062 34
1213 2989 1338 3045 maxime
1358 2998 1447 3045 tamen

285 3154 287 3159 Ι
353 3082 446 3138 rostn's
466 3080 657 3138 curticulorum
680 3082 863 3157 maleficentia
884 3084 1056 3142 adsimulati.
1118 3095 1126 3112 '

456 3376 485 3424 2.
510 3362 564 3422 De
589 3360 809 3438 appositione
833 3378 878 3421 ex
902 3361 1079 3423 adiectivo
1106 3365 1343 3426 conformata.

351 3507 381 3588 a)
404 3510 631 3569 Adiectivum
653 3511 846 3569 adhibetur
867 3514 993 3571 eodem
1014 3515 1119 3572 modo
1141 3534 1180 3573 ac
1205 3515 1446 3592 participium.

457 3656 547 3714 Nunc
568 3656 687 3733 quidem
711 3657 809 3716 dicam
831 3659 941 3735 aliquid
963 3662 1002 3718 de
1026 3662 1212 3738 appositione
1234 3681 1252 3720 a
1274 3661 1368 3721 Plinio
1390 3663 1441 3721 ad·

351 3753 451 3824 hibita,
480 3773 540 3830 qua
567 3755 597 3810 in
626 3774 657 3812 re
685 3755 767 3813 Plinii
796 3776 889 3826 usum,
920 3767 1065 3834 quatenus
1098 3761 1227 3817 eundern
1257 3760 1347 3817 etiam
1368 3761 1447 3838 apud

351 3851 487 3910 classicos
508 3851 673 3910 invenimus
694 3853 858 3928 scriptores,
880 3857 1042 3934 neglegam,
1074 3877 1173 3934 neque
1195 3857 1320 3915 referam
1341 3859 1381 3916 de
1401 3858 1447 3916 illa

351 3947 537 4023 appositione
558 3949 770 4008 adiectivorum
791 3952 854 4010 vice
874 3953 989 4024 usitata,
1012 3975 1072 4032 qua
1093 3957 1132 4014 de
1154 3975 1184 4013 re
1208 3955 1343 4013 disseruit
1358 3955 1446 4014 Gras-

350 4040 490 4122 berger³),
513 4046 563 4122 qui
584 4047 686 4104 docuit
707 4049 788 4123 apud
803 4048 928 4108 Plinium
950 4053 1133 4111 substantiva
1154 4051 1296 4127 imprimis
1319 4052 1446 4122 mobilia,

460 4249 485 4310 1)
503 4247 532 4299 cl.
553 4248 573 4300 1.
592 4247 715 4311 Silligium
735 4250 850 4300 adhunc
869 4251 948 4300 locum
968 4252 1085 4302 editionis
1104 4267 1170 4305 suae.

458 4333 485 4401 2)
504 4335 534 4386 cl.
555 4337 584 4388 L.
605 4335 694 4389 Grasb.
713 4338 729 4390 l.
749 4339 765 4390 l.
785 4355 810 4404 p.
831 4351 873 4406 75.

457 4424 484 4486 3)
503 4424 535 4476 cs.
555 4425 584 4479 L.
604 4425 693 4477 Grasb.
714 4426 731 4478 l.
751 4427 767 4479 l.
787 4444 812 4492 p.
832 4441 874 4493 77.
