3188 5212
798 377 969 430 ,24-

338 555 390 613 132
413 560 483 615 quae
504 548 615 596 uocatur
637 540 752 606 asln'au,
785 538 911 616 cnisialla
927 540 1097 616 propinqua,
1128 539 1158 596 in
1188 539 1275 597 India
1303 558 1459 606 nascens,·

333 638 380 696 alii
403 637 458 694 luci
480 637 524 694 liis
545 647 614 694 sunt
635 638 743 696 similes
765 637 844 696 velut
865 637 942 696 VIII
969 654 1023 713 109
1051 637 1157 694 casdem
1179 648 1276 714 panes
1299 638 1367 694 sibi
1397 638 1464 712 zjusz'

336 735 447 794 Pona'ci
465 743 614 810 arnpzuant
624 734 703 809 febri
714 734 839 812 peninla
860 744 970 811 urgente
995 735 1027 792 ab
1053 735 1102 792 hoc
1128 754 1156 792 se
1179 737 1240 810 pati
1259 735 1356 812 gnari
1378 735 1400 791 i.
1430 753 1460 792 e.

334 834 416 908 quod
437 832 518 908 gurni
541 840 608 890 suut
630 841 682 891 etc.
726 833 804 909 Ergo
824 832 971 908 appositio
992 832 1050 890 hoc
1071 833 1137 890 loco
1152 841 1246 890 exstat
1266 851 1321 908 pro
1335 851 1460 890 enun-

333 930 405 988 tiato
427 930 544 1000 causali,
567 929 618 1006 qui
638 947 709 988 usus
730 929 823 988 multo
837 927 941 988 clarius
962 929 1051 987 etiam
1066 929 1125 987 hoc
1145 930 1283 1005 exemplo
1304 930 1458 988 demon·

333 1036 454 1084 stratur:
477 1027 572 1102 agitur
592 1028 631 1084 de
652 1026 737 1104 aquis
752 1026 895 1096 dulcibus,
919 1045 995 1103 quae
1014 1027 1095 1086 iuxta
1116 1045 1198 1085 mare
1218 1037 1250 1085 ut
1271 1046 1309 1085 ex
1328 1026 1457 1085 fistulis

332 1126 506 1201 procedunt,
529 1143 607 1201 quae
621 1125 731 1192 dulces,
753 1134 786 1182 ut
800 1125 839 1183 ait
860 1124 977 1195 Plinius,
1001 1126 1076 1182 mari
1094 1125 1265 1182 inuehuntur
1282 1125 1311 1202 (i.
1334 1145 1362 1182 e.
1394 1125 1458 1182 auf

333 1223 401 1281 dem
425 1221 526 1280 Meere
547 1221 749 1300 schwimmeu)
772 1222 882 1280 leuibus
903 1221 985 1280 haud
1008 1223 1090 1281 dubie
1109 1223 1126 1280 i.
1149 1242 1173 1280 e.
1196 1223 1279 1299 quod
1307 1222 1454 1280 leviores

333 1327 408 1388 sunt,
445 1337 521 1395 quae
549 1319 723 1396 significatio
753 1320 843 1378 etiam
873 1319 1012 1395 cognosci
1041 1327 1140 1395 potest
1170 1338 1207 1376 ex
1237 1320 1452 1396 sequentibus

333 1416 440 1473 verbis:
472 1417 531 1472 uico
552 1426 578 1472 et
603 1417 729 1474 mannae
753 1415 882 1494 (aquae),
914 1437 1031 1492 quarum
1061 1425 1163 1474 natura
1187 1418 1310 1492 graman,
1341 1417 1452 1494 magis

333 1513 440 1570 niuecla
460 1514 596 1570 sustinent
615 1513 665 1590 (sc.
689 1532 779 1590 quam
800 1532 897 1589 aquae
917 1512 1040 1592 dulces).

447 1782 478 1861 b)
509 1784 702 1860 Appositio
729 1783 1002 1842 enuntiatorum
1028 1783 1318 1841 concessivorum

734 1882 818 1939 vice
843 1881 1025 1957 fungitur.

440 2014 531 2070 Porro
552 2013 699 2087 appositio
721 2011 941 2070 enuntiatorum
964 2012 1203 2069 concessivorum
1223 2013 1286 2069 vice
1301 2013 1442 2088 fungitur

265 2183 269 2190 Ι
333 2111 377 2167 his
399 2111 484 2166 locis:
517 2110 593 2166 VIII
620 2125 672 2165 112
696 2109 904 2184 cirumquaque
924 2119 1033 2166 eslsua
1056 2109 1224 2184 malignitas,
1256 2129 1438 2184 quamquam

329 2206 518 2282 placidissimo
549 2206 717 2262 animalium
748 2207 764 2263 i.
789 2225 812 2263 e.
843 2225 1025 2282 quamquam
1055 2205 1286 2281 placidissimum
1318 2207 1435 2264 animal

332 2315 388 2375 est;
410 2303 565 2360 XXXVII
591 2302 645 2360 128
667 2304 718 2360 nas
738 2303 826 2360 India
837 2306 905 2378 sert,
938 2323 1108 2379 quamquam
1131 2303 1160 2359 in
1183 2302 1288 2359 dun'lza
1311 2303 1439 2378 fragiles

332 2423 387 2460 nrm
410 2405 554 2478 ingratas·
583 2417 639 2474 203
662 2401 790 2457 duxerint
812 2401 998 2476 Hispaniam,
1022 2421 1180 2476 quacunque
1200 2400 1326 2457 ambitur
1344 2401 1432 2466 mari,

332 2519 502 2574 quamquam
527 2498 687 2573 squalidam
709 2518 745 2554 ex
758 2509 861 2573 pann·
892 2497 1002 2554 XXIII
1038 2514 1070 2554 12
1102 2496 1299 2554 saluberrimas
1322 2506 1436 2572 pulani

333 2597 433 2652 niedici
453 2599 483 2652 in
504 2595 699 2669 caelestiaqua
720 2603 850 2659 seruatas
874 2595 985 2650 etiamsi
997 2595 1111 2651 mininie
1125 2595 1282 2663 iucundas;
1304 2594 1367 2652 XII
1389 2610 1430 2666 42

323 2695 425 2767 srrnan
454 2700 492 2748 etl
515 2691 602 2765 graui
629 2699 655 2746 et
674 2709 766 2746 crassa
797 2690 888 2746 radim
916 2691 966 2746 sed
993 2691 1070 2748 breui
1094 2712 1127 2748 ac
1157 2693 1239 2766 nigra
1260 2691 1428 2766 fiagilique,

331 2788 571 2863 quamm‘spingni
590 2787 606 2843 i.
629 2805 652 2843 e.
676 2786 810 2861 quamvis
824 2787 940 2862 pinguis
955 2788 997 2845 sit.
1042 2787 1112 2845 Hoc
1133 2789 1199 2846 loco
1221 2789 1430 2846 coniunctione

332 2886 486 2960 quamuis
515 2884 692 2940 adiectivum
708 2884 859 2959 pinguis
878 2903 940 2942 non
963 2884 1066 2953 efferri,
1089 2903 1178 2960 quem
1206 2904 1293 2942 usum
1313 2885 1429 2942 inveni-

331 3002 397 3040 mus
409 2983 439 3038 in
456 2979 654 3039 Ciceronianis
669 2977 819 3058 scriptis¹)‚
842 3000 859 3038 e
874 2983 1031 3039 verborum
1053 2981 1268 3056 compositione
1290 2981 1429 3058 cognosci

331 3088 435 3154 potest.
488 3079 627 3138 Ceterum
648 3102 693 3152 eo,
726 3085 807 3159 quod
830 3083 887 3140 hae
908 3083 1131 3140 coniunctiones
1152 3083 1222 3139 inde
1243 3103 1261 3140 a
1282 3082 1430 3140 Cicerone

331 3177 532 3252 imprimisque
554 3199 571 3235 a
593 3179 684 3248 Livio,
712 3188 744 3236 ut
765 3180 855 3254 paulo
877 3179 952 3235 infra
973 3179 1155 3248 docebimus,
1177 3198 1238 3236 non
1260 3179 1315 3236 nisi
1336 3177 1427 3255 parti-

331 3273 413 3348 cipiis
435 3276 593 3342 adduntur,
623 3276 728 3332 iterum
750 3276 969 3332 demonstratur
999 3276 1144 3334 adiectiva
1174 3296 1192 3334 a
1222 3276 1316 3334 Plinio
1337 3277 1427 3353 parti-

334 3369 477 3444 cipiorum
499 3370 565 3426 loco
586 3371 727 3428 adhiberi.

437 3467 548 3523 Nescio
578 3486 617 3524 an
648 3467 693 3523 his
724 3468 793 3525 locis
824 3468 934 3525 addam
964 3470 995 3526 id
1026 3472 1108 3545 quod
1139 3471 1261 3546 legimus
1286 3471 1346 3529 XV
1371 3471 1424 3530 iob

331 3583 450 3638 namque
480 3565 509 3620 in
540 3565 584 3620 lu's
605 3562 739 3640 (sentitur
770 3565 870 3640 sapor)
901 3575 926 3621 el
946 3576 1068 3623 uastant
1088 3577 1114 3623 el
1133 3577 1229 3624 acutus
1249 3576 1275 3624 et
1294 3569 1382 3625 dulcz‘s
1402 3579 1427 3625 ei

329 3661 430 3724 sanun,
459 3680 551 3716 omnus
581 3659 676 3726 aliani,
710 3680 787 3736 quae
817 3663 964 3736 appositio
995 3665 1063 3721 ideo
1094 3674 1137 3722 est
1166 3664 1311 3734 inusitata,
1343 3666 1424 3741 quod

330 3765 398 3813 ante
425 3757 602 3814 uocabulum
633 3757 760 3826 alieni,
792 3777 852 3833 quo
881 3761 1028 3838 appositio
1059 3762 1191 3831 efficitur,
1221 3762 1350 3837 positum
1381 3771 1425 3819 est

329 3853 417 3919 aliud,
448 3856 529 3929 quod
561 3854 765 3928 complectitur
795 3856 842 3913 illa
872 3858 1017 3915 vocabula
1038 3859 1255 3934 appositionem
1286 3859 1423 3934 regentia,

329 3967 453 4007 ornnes.
497 3951 646 4027 Compara
673 3951 762 4008 etiam
790 3961 819 4009 et
848 3955 997 4012 contende
1028 3956 1099 4012 mihi
1129 3956 1250 4012 XXXV
1283 3972 1346 4030 123,
1376 3956 1426 4013 ubi

330 4055 373 4103 cst
418 4048 538 4104 dacru'sse
567 4048 690 4104 traditur
708 4048 834 4105 Pausian
856 4049 1028 4124 Sicyonium,
1053 4052 1180 4126 prunum
1212 4054 1241 4108 in
1263 4054 1312 4109 hac
1329 4073 1424 4128 genera

330 4143 454 4200 nabt'lem.

439 4345 462 4411 ι)
482 4349 514 4398 Α.
536 4347 691 4410 Draegerum
711 4347 728 4399 l.
748 4347 765 4399 1.
785 4348 812 4395 H
830 4364 856 4413 p.
876 4346 926 4412 785
938 4364 975 4414 sq.
