3188 5212
639 433 816 484 -29..

196 589 275 661 fons
296 632 301 644 .
324 631 330 642 .
354 631 359 642 .
383 585 456 642 uelut
475 587 643 661 acquiescens
662 601 766 665 semper
783 605 860 662 aret,·
881 594 951 654 item
973 597 1033 655 VII
1057 613 1093 674 77
1100 621 1107 673 ;
1134 599 1213 661 VIII
1234 621 1267 678 3;

209 701 270 760 50;
297 698 358 758 '197-

155 801 335 859 tamquam:
356 781 499 838 XXXIII
516 799 530 837 2
547 791 690 858 tamquam
705 787 822 860 parium
839 789 957 865 benigna
969 794 1113 869 fertilique
1128 796 1253 877 (tellure)
1259 819 1267 874 3

207 881 303 956 praef.
327 879 363 936 zb
385 889 528 954 tamquam
544 880 673 938 inelroatu
693 895 867 959 semperarte
880 896 906 942 et
918 889 1094 964 imperfecta,·
1116 893 1193 952 VIII
1213 897 1268 954 180

208 986 340 1052 actusque
360 975 390 1032 iu
411 975 541 1031 exsilium
563 985 706 1052 tamquam
728 980 822 1037 colono
842 1002 890 1040 suo
913 985 1089 1061 interempta·
1116 989 1178 1047 XII
1201 1007 1267 1065 3ac

206 1093 263 1130 sua
285 1073 403 1129 numina
424 1081 567 1146 tamquam
589 1093 603 1128 e
623 1074 695 1130 caelo
716 1077 858 1136 attm‘buta.

160 1185 363 1250 praesertim
385 1169 416 1226 II
439 1185 455 1242 3
478 1178 554 1227 tauto
569 1174 731 1246 praesertim
754 1186 847 1249 opere,·
873 1191 910 1251 59
925 1182 1089 1254 praesertum
1110 1189 1187 1239 tanto
1209 1185 1265 1242 dis·

209 1279 297 1326 cretus
317 1267 468 1324 interuall.

279 1365 410 1425 Maxime
432 1368 710 1425 commemorandus
725 1377 769 1425 est
791 1370 839 1426 hic
859 1371 948 1442 locus,
971 1392 1031 1449 quo
1046 1379 1176 1451 sequitur
1192 1397 1262 1436 con-

161 1465 351 1522 iunctionem
381 1463 471 1529 quod
499 1463 641 1520 ablativus
668 1465 827 1536 absolutus
858 1469 908 1525 ubi
936 1487 966 1526 re
990 1490 1059 1528 vera
1087 1473 1157 1529 nihil
1184 1475 1263 1532 aliud

161 1569 356 1636 exspectatur
377 1561 432 1617 nisi
453 1561 576 1616 verbum
598 1560 725 1634 finitum;
756 1563 869 1640 scripsit
895 1567 974 1623 enim
996 1567 1104 1626 Plinius
1125 1571 1263 1630 XXXVI

163 1673 207 1733 94
229 1657 381 1714 etiamnum
402 1657 452 1713 leae
473 1657 566 1713 minus
586 1658 697 1724 mirum,
720 1679 805 1734 quam
827 1663 1035 1738 quoalslnmine
1050 1667 1169 1724 medinm
1184 1670 1262 1745 oppi-

163 1755 236 1812 dum
258 1756 436 1831 interfluente,
460 1773 520 1831 quo
535 1755 608 1824 loce,
632 1774 722 1832 quam
736 1758 827 1816 libere
841 1771 961 1836 usurpet
976 1762 1085 1821 Plinius
1099 1766 1261 1841 participia,

160 1854 237 1912 satis
263 1855 487 1912 demonstratur.
530 1851 597 1920 Sed,
619 1853 704 1911 liceat
719 1855 790 1912 mihi
812 1856 869 1913 hoc
884 1876 1005 1934 quoque
1019 1861 1131 1930 afferre,
1155 1862 1263 1921 Plinius

161 1969 205 2009 eo
227 1952 361 2026 procedit
381 1951 516 2008 licentiae
546 1950 631 2007 huius
653 1959 821 2021 structurae,
853 1962 885 2009 ut
905 1956 1059 2031 participia
1086 1959 1166 2015 verbi
1188 1960 1263 2016 liniti

160 2049 233 2106 vim
261 2049 426 2124 fungantur.
465 2048 499 2105 ci.
523 2047 569 2104 IX
591 2061 627 2121 57
658 2048 749 2122 itaque
778 2050 822 2106 ln's
848 2052 985 2108 mensibus
1012 2055 1103 2110 iacent
1129 2054 1264 2130 speluncis

160 2146 300 2203 conditi.
323 2191 328 2203 .
352 2191 357 2204 .
381 2145 505 2202 maxime
525 2144 668 2220 hippurus,
691 2160 715 2200 et
729 2149 854 2203 coracini
870 2148 957 2205 hieme
974 2169 1029 2206 non
1050 2153 1127 2227 capti
1137 2162 1261 2228 praeter-

160 2264 252 2320 quam
272 2247 351 2301 stutis
371 2244 465 2300 diebus
478 2243 599 2319 paucis,·
622 2242 659 2316 58
674 2257 698 2298 et
719 2243 923 2317 alloquitotnm
940 2267 1015 2303 mure
1034 2250 1117 2305 sentit
1136 2259 1261 2307 exoticam

159 2344 225 2399 eius
244 2343 346 2412 sidens,
368 2340 446 2416 quod
463 2341 587 2397 maxime
608 2342 637 2395 in
659 2339 781 2414 Bosporo
803 2351 934 2416 apparet‚·
959 2343 1025 2418 alga
1046 2346 1119 2401 em'm
1134 2357 1160 2402 et
1171 2349 1262 2421 pisces

159 2441 377 2514 superstruatur,
410 2439 558 2512 omniaque
578 2437 614 2493 ab
636 2438 691 2493 imo
714 2456 809 2505 uersa,·
841 2435 875 2494 61
900 2439 1058 2500 asellorum,
1071 2441 1125 2498 duo
1147 2463 1258 2517 genera,

161 2533 281 2591 callon'u
307 2535 424 2592 minores
453 2544 478 2591 et
502 2534 605 2603 bacchi,
637 2537 686 2608 qni
715 2554 769 2590 eron
792 2535 850 2592 nisi
868 2536 898 2592 in
929 2535 984 2592 alto
1015 2538 1170 2612 capiuntur,
1200 2541 1259 2596 ideo

158 2633 286 2708 praelati
318 2632 479 2708 prrom'bns,·
514 2632 673 2708 plcuscanas
718 2651 777 2687 uero
826 2633 961 2690 interimit
999 2635 1057 2691 nisi
1081 2634 1261 2712 pulverantes

161 2749 229 2803 sese3
264 2731 310 2788 XI
340 2748 355 2788 2
360 2747 397 2806 55
432 2731 569 2788 lourinem
605 2731 656 2804 qui
681 2731 879 2787 cucumerum
917 2732 1015 2790 lubere
1046 2733 1144 2812 (talos)
1172 2736 1261 2809 sace'le

163 2829 289 2896 conuicti,
324 2830 340 2885 i.
372 2849 396 2886 e.
428 2829 649 2888 convincuntur.
714 2827 790 2903 Ergo
829 2829 959 2904 plurimis
997 2831 1042 2889 his
1079 2832 1150 2889 locis
1191 2851 1259 2908 par·

162 2925 294 3000 ticipium
315 2927 437 3001 perlecti
452 2944 513 2983 non
527 2926 586 2983 iam
602 2944 632 2981 re
647 2943 716 2980 vera
731 2927 853 3000 praebet
867 2928 988 3000 perlecti
1004 2929 1257 3003 significationem,

162 3024 218 3082 sed
239 3034 283 3082 est
303 3023 431 3098 positum
462 3041 516 3097 pro
547 3022 700 3079 enuntiato
729 3022 858 3090 relativo,
888 3025 970 3080 cuius
998 3025 1201 3098 praedicatum
1229 3027 1259 3083 iu

161 3115 326 3197 praesentis
347 3130 481 3197 tempore
503 3132 553 3180 est.
604 3121 672 3178 Hac
694 3121 900 3177 observatione
928 3121 1008 3178 nisus
1030 3121 1111 3178 illum
1138 3141 1259 3199 quoque

161 3219 260 3276 locum
288 3220 412 3277 dubium
439 3219 611 3294 interpreter
637 3218 684 3275 IX
716 3234 779 3286 111,
811 3218 860 3274 ubi
889 3236 993 3276 omnes
1023 3227 1139 3292 praeter
1166 3239 1258 3277 unum

160 3319 306 3394 praebent
327 3318 460 3375 codices:
484 3316 539 3372 elles
560 3318 646 3391 captis
660 3315 747 3389 'facile
768 3324 866 3372 ceteras
880 3316 1011 3393 palantes
1023 3316 1122 3372 retibus
1143 3316 1257 3389 zirclruli,

162 3414 248 3472 multo
278 3415 375 3472 deinde
405 3415 515 3471 ebrietas
543 3413 600 3469 sale
630 3415 659 3469 iu
691 3413 764 3468 uasr's
785 3413 934 3487 fictilibus,
967 3433 1034 3471 cum
1061 3414 1091 3470 in
1113 3415 1133 3470 d
1155 3416 1259 3473 codice

162 3514 306 3592 (Parisino
317 3531 392 3571 saec.
408 3511 501 3589 XIII)
517 3512 660 3587 legamus:
686 3511 771 3567 multo
787 3511 883 3566 desirate
898 3512 995 3568 obruta
1009 3511 1066 3568 sale
1080 3520 1144 3581 ete,
1167 3530 1257 3588 quem

160 3629 290 3669 errorem
321 3611 405 3669 facile
426 3629 463 3668 ea
490 3629 522 3666 re
552 3619 648 3667 ortum
679 3628 751 3680 esse,
784 3607 879 3686 (quod
910 3609 1086 3666 vocabulum
1117 3610 1259 3666 obrutus

160 3709 230 3766 exiit
250 3709 280 3765 in
301 3709 427 3768 litteram
448 3726 462 3766 s
485 3715 573 3783 atque
595 3724 722 3782 sequens
744 3705 920 3763 vocabulum
941 3705 1014 3761 sale
1034 3706 1134 3780 incipit
1149 3707 1186 3764 ab
1202 3689 1258 3765 liac

161 3803 279 3883 littera),
295 3806 534 3864 verisimillimum
556 3814 607 3872 est,
629 3805 669 3861 ita
691 3812 723 3860 ut
740 3823 758 3860 a
773 3803 869 3860 scriba
882 3802 973 3860 altera
987 3821 1001 3860 s
1015 3803 1109 3860 littera
1124 3803 1258 3878 neglecta

160 3902 205 3960 sit.
250 3903 327 3979 Ergo
349 3904 435 3961 lectio
457 3911 621 3961 ceterorum
643 3903 779 3959 codicum
811 3910 888 3957 recta
919 3918 983 3958 esse
1012 3900 1133 3958 videtur.
1180 3901 1257 3961 Cum

161 4008 262 4057 autem
283 4001 341 4057 hoc
368 4001 433 4058 loco
465 4001 586 4057 verbum
615 4001 719 4057 deesse
750 4006 873 4075 putaret,
904 3998 1031 4054 coniecit
1052 3997 1257 4058 Detlelsenus:

161 4097 246 4153 multo
269 4097 366 4154 deiude
393 4099 475 4154 obrui
497 4118 542 4155 eas
566 4098 629 4167 sale,
659 4117 736 4174 quae
764 4098 933 4154 coniectura
960 4115 995 4154 ea
1023 4115 1053 4154 re
1079 4097 1151 4152 mihi
1180 4107 1258 4155 recta

159 4213 221 4252 non
243 4213 308 4253 esse
340 4197 461 4265 videtur,
494 4198 577 4272 quod
603 4215 714 4252 novum
745 4196 910 4254 subiectum
935 4194 1092 4253 accusativi
1123 4212 1191 4251 cum
1212 4195 1256 4250 in-

160 4293 274 4351 finitivo
296 4312 357 4351 non
380 4303 573 4369 exspectatur,
596 4295 688 4351 immo
703 4313 772 4351 vero
788 4294 939 4353 tolerabile
954 4312 1015 4350 non
1033 4301 1076 4349 est
1090 4310 1256 4367 pronomen

157 4399 246 4462 ,‚eas“
269 4393 299 4448 in
321 4411 374 4450 usu
397 4393 540 4459 Pliniana,
574 4393 632 4468 qui,
662 4401 694 4448 ut
716 4410 804 4466 supra
826 4389 1064 4458 commemoravi,
1087 4389 1257 4464 saepissime
