3188 5212
824 391 994 442 ·⁴²··

366 549 417 606 mit
437 549 534 606 ciuem
556 549 692 618 Genetiv,
715 569 760 607 wo
785 551 833 608 die
855 551 973 608 frithere
989 551 1079 608 Prusa
1100 553 1282 628 gewdhnlich
1301 553 1346 610 das
1363 552 1457 608 attri-

366 645 466 704 butive
491 646 627 705 Adiectiv
654 647 824 724 gebraucht,
855 646 891 706 ist
916 647 965 706 bei
997 647 1096 706 Livius
1126 650 1194 707 sehr
1224 649 1324 726 haufig,
1339 650 1456 726 jedoch

366 743 418 800 mit
439 743 570 820 wenigen
587 745 781 804 Ausnahmen
807 743 839 820 (s.
862 745 890 802 V
912 745 958 820 38,
981 763 1000 819 4
1021 747 1050 802 in
1075 765 1173 823 aequo
1194 745 1299 825 campi)
1318 747 1359 805 bei
1377 765 1457 822 par-

365 841 465 898 titiven
480 840 710 912 Vernalmissen,
731 843 764 920 (s.
782 859 807 912 2,
823 857 869 918 45,
889 859 925 900 10
938 844 977 902 ad
993 843 1127 904 ultimum
1142 845 1300 914 seditionis,
1315 861 1336 914 2,
1350 843 1394 918 64,
1418 861 1452 900 11

366 937 510 1014 reliquum
531 939 638 1010 noctis;
670 955 696 1014 3,
725 953 770 1014 72,
800 953 816 1014 7
847 939 992 1018 reliquum
1022 941 1114 1017 anni).
1166 942 1225 1000 Sed
1255 941 1457 1018 imperatoriae

365 1037 468 1096 aetatis
490 1047 597 1114 poetae
619 1047 648 1097 et
669 1040 739 1098 Inde
760 1051 789 1096 a·
809 1039 892 1097 Livio
920 1057 1017 1096 rerum
1038 1040 1194 1116 scriptores
1225 1039 1315 1098 laxius
1333 1039 1381 1096 hoc
1405 1038 1454 1095 di-

367 1136 454 1194 cendi
475 1153 584 1212 genere
613 1146 740 1206 utuntur,
772 1155 840 1196 cum
871 1137 1025 1196 cuiuslibet
1046 1137 1268 1214 significationis
1292 1136 1457 1214 genetivum

366 1233 588 1308 dependentem
617 1235 727 1293 faciunt
755 1237 794 1293 de
822 1235 969 1293 adiectfvo
997 1235 1179 1293 substantive
1210 1241 1352 1310 usurpate,
1371 1232 1456 1290 cuius

366 1331 406 1389 rei
428 1331 565 1406 exempla
586 1350 603 1390 e
618 1332 695 1390 libris
712 1333 880 1410 Augusteae
894 1331 999 1390 aetatis
1019 1332 1194 1408 scriptomm
1209 1331 1324 1408 collegit
1342 1339 1456 1407 praeter

366 1427 438 1486 alios
460 1427 496 1486 Ο.
520 1427 703 1488 Riemannus
728 1429 745 1486 l.
772 1429 788 1486 l.
811 1448 838 1506 p.
863 1445 920 1502 204
941 1437 971 1488 et
993 1443 1038 1503 77.
1090 1429 1245 1488 Nonnulla
1265 1447 1378 1506 quoque
1405 1426 1453 1482 in·

366 1524 465 1583 venies
504 1526 584 1600 apud
626 1525 734 1584 Thom.
771 1525 1018 1585 Ruddimannum
1057 1526 1087 1583 in
1123 1545 1229 1602 opere:
1266 1524 1455 1584 institutiones

365 1622 581 1698 grammaticae,
604 1623 653 1680 ubi
675 1623 768 1699 agitur
788 1625 827 1682 de
848 1623 989 1700 regimine
1019 1643 1046 1700 p.
1076 1622 1114 1698 65
1146 1632 1206 1682 not.
1238 1642 1266 1696 4.
1297 1623 1454 1696 Quousque

368 1719 475 1778 Plinius
497 1719 576 1780 hanc
597 1720 779 1796 usurpaverit
799 1729 981 1790 structuram,
1012 1708 1091 1798 quae
1121 1721 1314 1798 insequantur
1333 1721 1456 1778 doceant

367 1817 510 1894 exempla,
532 1819 720 1896 primumque
741 1820 790 1877 hic
809 1821 962 1896 genetivus
982 1820 1096 1896 pendet
1117 1838 1153 1877 ex
1175 1819 1333 1888 adiectivis,
1354 1815 1454 1893 quibus

366 1917 432 1974 loca
462 1917 673 1992 significantur:
711 1917 819 1976 XVIII
852 1917 886 1974 18
918 1917 1134 1992 immensumque
1163 1927 1299 1976 terrarum
1326 1915 1455 1973 adiectum

368 2014 503 2090 e'npterz'oe
532 2013 641 2070 XVIII
674 2029 712 2088 39
732 2034 871 2070 summum
886 2015 1104 2092 praeamata,-
1128 2015 1158 2072 ΙΙ
1184 2031 1237 2072 102
1261 2015 1399 2089 infinitum
1420 2031 1456 2068 en:

366 2111 501 2187 septembre
523 2118 625 2168 nature
640 2111 721 2177 aeras,
738 2112 883 2186 z'nfi'nitum
904 2121 930 2169 et
942 2113 1044 2170 terreni
1055 2112 1179 2170 ltalifuus
1194 2113 1314 2170 malceno.
1357 2111 1456 2186 Usque

366 2209 465 2267 adhuc
486 2209 557 2265 nihil
573 2209 649 2266 inest
663 2209 836 2268 offensionis
850 2209 880 2266 In
896 2210 940 2268 his
956 2209 1107 2286 exemplis,
1123 2229 1192 2268 cum
1213 2229 1273 2268 non
1296 2208 1456 2286 pertineant

366 2305 421 2365 nisi
442 2307 481 2364 ad
503 2306 649 2364 adiectiva
669 2308 819 2366 secundae
848 2307 1053 2366 declinationis
1075 2307 1146 2364 nihil
1169 2307 1248 2365 aliud
1270 2305 1457 2384 significantia

365 2404 461 2472 (simili
482 2405 574 2461 modo
596 2422 631 2461 ac
652 2404 788 2480 multum)
820 2403 876 2462 nisi
906 2405 1030 2462 modum
1053 2405 1099 2462 vel
1120 2413 1245 2480 partem,
1268 2423 1358 2480 quare
1370 2421 1455 2479 gene·

365 2503 441 2560 tivus
461 2520 579 2577 semper
600 2509 643 2559 est
664 2501 816 2578 genetivus
845 2501 1003 2577 partitivuS,
1027 2502 1109 2560 cuius
1130 2501 1171 2560 rei
1193 2502 1329 2578 exempla
1349 2498 1458 2576 collegit

365 2618 381 2656 e
402 2597 515 2674 scriptis
537 2599 737 2656 Ciceronianis
759 2607 788 2656 et
809 2598 939 2657 Livianis
961 2597 1216 2676 Naegelsbachius
1237 2599 1254 2656 1.
1277 2599 1293 2655 l.
1315 2617 1343 2674 p.
1366 2611 1408 2672 50.

472 2695 626 2752 interdum
646 2703 715 2752 ante
737 2695 811 2753 haec
832 2696 977 2754 adiectiva
1000 2696 1235 2772 praepositiones
1250 2695 1365 2772 positae
1384 2701 1455 2761 sunt,

366 2809 455 2866 quem
476 2809 562 2848 usum
584 2791 739 2867 scriptores
754 2791 854 2873 Latini
872 2793 984 2852 classici
1006 2795 1161 2871 usquead
1184 2792 1298 2851 Livium
1319 2790 1457 2850 rarissime

365 2889 508 2947 adhibent
538 2908 637 2966 neque
662 2889 767 2948 iterum
797 2891 828 2947 in
858 2891 920 2949 aliis
941 2891 1091 2949 adiectivis
1113 2899 1211 2966 atque,
1243 2890 1355 2948 utiam
1376 2906 1458 2964 supra

365 2989 603 3058 commemoravi,
631 2988 844 3066 significatione
866 2989 1007 3066 partitiva.
1059 2989 1119 3047 Sed
1141 2988 1251 3046 Plinius
1273 3007 1364 3063 saepe
1384 2987 1458 3045 hanc

365 3095 540 3144 structuram
570 3087 693 3145 adhibet
721 3106 784 3145 non
816 3088 954 3163 neglecto
983 3105 1039 3144 usu
1069 3085 1258 3144 classicorum
1289 3084 1458 3160 scriptorum

366 3184 400 3240 cf.
423 3184 502 3241 velut
523 3183 554 3240 II
584 3181 622 3240 86
644 3184 674 3239 in
697 3183 784 3240 medz'o
804 3183 869 3239 soles
900 3192 1053 3252 11111011)-
1079 3198 1132 3255 103
1155 3191 1181 3238 et
1200 3191 1301 3238 terram
1323 3181 1354 3238 in
1377 3179 1458 3237 nredzb

366 3279 606 3354 maledicendique
627 3278 792 3354 impellunt,·
818 3278 881 3334 XII
905 3292 941 3352 52
965 3279 995 3335 z'n
1017 3279 1105 3335 medio
1126 3278 1184 3335 eius
1203 3286 1271 3334 sunt
1280 3278 1342 3352 fere
1362 3276 1456 3332 Astra-

366 3376 456 3433 mitoe.
517 3376 650 3450 Tempus
680 3374 847 3450 significans
878 3375 936 3434 hoc
966 3375 1089 3452 legimus
1120 3376 1152 3433 II
1184 3374 1241 3432 228
1275 3375 1317 3432 ad
1331 3372 1458 3435 ‚medeam

367 3473 452 3531 noctis
472 3473 610 3530 exuberat.

472 3587 682 3648 Insolentiores
713 3605 777 3644 esse
806 3587 941 3652 videntur
961 3587 1019 3645 loci
1040 3586 1183 3644 XXXIII
1216 3600 1255 3661 70
1284 3607 1297 3642 e
1320 3583 1459 3662 profivrdo
1562 3557 1563 3574 Χ

367 3686 452 3743 maris
466 3693 556 3762 petere
578 3685 766 3761 margaretam·
796 3685 877 3744 nisus
909 3685 968 3744 hoc
995 3686 1062 3742 loco
1085 3684 1304 3759 lectionemque
1326 3682 1459 3741 codicum
1562 3755 1563 3760 η

366 3783 526 3860 vulgarium
565 3785 803 3861 sententiamque
834 3784 866 3844 C.
898 3782 1058 3861 Mayhoffii
1094 3789 1213 3840 secutus
1246 3781 1290 3838 his
1321 3778 1458 3855 exemplis

366 3880 525 3956 adiungere
539 3882 637 3940 audeo
651 3883 714 3940 XII
732 3899 747 3939 2
765 3883 893 3940 antonem
909 3883 939 3939 in
960 3881 1057 3938 Rubri
1070 3879 1156 3937 marri
1163 3878 1306 3955 pv'rafundo
1328 3875 1457 3955 (quaeri),

366 3995 433 4034 cum
455 3996 492 4034 ex
513 3978 660 4037 locutione
682 3998 699 4037 e
719 3980 908 4054 profundo
937 3979 1030 4036 mari
1050 3978 1104 4047 vel,
1127 3977 1210 4053 quod
1232 3975 1355 4052 legimus
1376 3974 1459 4032 etiam

366 4073 503 4133 omnibus
531 4075 647 4151 linguae
674 4075 797 4134 Latinae
825 4076 1014 4151 temporibus,
1047 4094 1063 4132 e
1091 4075 1280 4150 profundo
1304 4071 1354 4151 (sc.
1377 4071 1456 4150 mari)

365 4170 436 4227 illud
458 4191 493 4242 „e
513 4172 662 4248 profundo
693 4172 799 4230 maris“
821 4180 918 4229 ortum
947 4179 999 4240 est,
1021 4171 1093 4227 dum
1115 4170 1259 4228 ablativus
1280 4167 1455 4238 substantivi,

366 4266 417 4343 qui
437 4269 620 4344 supplendus
642 4277 711 4337 erat,
734 4286 753 4325 a
773 4267 867 4325 Plinio
888 4267 919 4323 in
939 4266 1065 4344 genetivi
1087 4267 1182 4325 forma
1204 4267 1335 4326 adicitur.
1379 4265 1453 4324 Hinc

366 4383 498 4441 egressus
519 4365 629 4423 deinde
650 4364 763 4442 scripsit
785 4363 868 4422 1162
885 4363 1118 4441 perprosundum
1142 4365 1220 4422 aevis.
1263 4364 1299 4420 In
1322 4361 1367 4421 his
1388 4381 1455 4438 quo·
