3188 5212
603 445 774 502 ,25-

257 644 284 710 e)
306 643 505 720 Appositio
527 653 646 702 exstat
667 663 732 721 pro
754 641 946 701 enuntiato
969 641 1128 701 relativo.

252 775 429 850 Saepissime
448 782 548 832 autem
569 774 715 850 appositio
741 783 836 832 exstat
864 793 919 851 pro
940 774 1093 833 enuntiato
1114 775 1241 845 relativo,

130 893 224 952 quae
246 892 291 932 res
312 872 549 948 frequentissime
577 873 607 929 in
628 872 752 930 naturali
773 872 893 930 historia
914 873 1001 931 nobis
1022 872 1157 946 occurrit;
1188 873 1241 930 sed

131 981 247 1030 tamen
278 988 356 1047 quae
386 968 515 1028 maxime
545 971 646 1028 oculos
673 970 704 1026 iu
732 988 763 1027 se
792 979 968 1028 convertunt
998 970 1134 1046 exempla
1164 970 1241 1028 inse·

134 1078 282 1146 quantur,
304 1068 431 1144 primum
453 1068 573 1144 quidem
596 1068 740 1125 exstantia
761 1068 791 1124 in
812 1068 935 1143 simplici
957 1068 1142 1143 expositione
1164 1068 1243 1125 velut

136 1166 238 1243 praef.
265 1183 276 1223 1
302 1165 499 1223 iucundissime
530 1165 685 1242 imperator,
717 1166 753 1222 sit
773 1165 845 1222 cuim
874 1165 939 1222 baec
960 1166 1004 1222 tui
1024 1166 1174 1241 praefatio,
1198 1185 1241 1222 ite·

140 1265 266 1333 nisime,
289 1263 356 1320 dum
379 1264 503 1320 maxime
533 1263 694 1320 consenescit
723 1263 752 1320 in
767 1270 871 1338 patre,·
894 1262 938 1319 IV
969 1278 1002 1338 51
1037 1273 1152 1320 cernunt
1180 1283 1241 1319 eum

138 1362 171 1435 (i.
196 1381 220 1419 e.
243 1360 409 1437 scopulum)
440 1358 476 1417 ab
507 1359 606 1416 dextra
630 1369 712 1435 parte
732 1359 848 1416 Aridum
880 1360 1043 1436 navigantes
1063 1361 1098 1416 ab
1118 1359 1240 1427 Acbaia,

139 1459 238 1517 dirum
268 1478 302 1515 ac
317 1459 499 1534 pestiferum·
529 1456 667 1514 XXXVI
703 1455 756 1530 167
782 1456 932 1522 Tiburtini,
965 1456 1006 1513 ad
1028 1455 1133 1532 reliqua
1147 1458 1240 1530 faites,

141 1567 245 1632 vapore
275 1554 421 1612 dibsi'li'unt.
474 1553 601 1623 Deinde,
633 1573 711 1630 quae
732 1555 867 1630 leguntur
896 1554 926 1610 in
956 1554 1035 1611 libris
1065 1555 1104 1612 de
1125 1554 1240 1630 plantis,

142 1652 321 1710 animalibus
336 1651 537 1727 similibusque
551 1652 638 1708 rebus
652 1652 806 1728 agentibus
828 1651 907 1708 velut
928 1650 1020 1708 XVII
1043 1667 1079 1725 33
1103 1648 1240 1728 (demon-

144 1749 250 1825 strant)
279 1748 417 1805 rubricam
439 1747 523 1805 oculis
543 1747 731 1824 argillamqac¹
756 1748 833 1824 operi
851 1748 1052 1824 difficillimam·
1074 1748 1181 1805 XXIV
1203 1764 1240 1822 95

141 1846 244 1923 palma
263 1844 408 1921 Campana
415 1846 581 1922 perhibetur,
605 1845 764 1902 utensilibus
786 1846 859 1902 vasis
872 1846 1088 1922 probatissimo,·
1103 1845 1241 1903 XXXVI

148 1942 204 2017 146
226 1942 341 2001 alterurn
373 1944 599 2000 androdamanta
630 1943 698 2000 di'cit
728 1943 831 2009 occari,
868 1943 953 2000 calore
974 1942 1095 2018 ni'grum,
1120 1943 1242 2018 pandere

142 2062 177 2099 ac
204 2041 309 2098 duri'ti'a
340 2041 496 2116 i'nsi'gnem,·
527 2041 681 2098 XXXVII
717 2039 767 2097 162
794 2039 955 2098 Gallamian
976 2039 1069 2114 aliqui
1091 2038 1241 2114 galactiten

144 2147 252 2208 nocant,
273 2137 390 2194 similem
398 2139 531 2212 proxime
551 2138 649 2206 dictim*
669 2138 799 2214 denique
814 2138 843 2194 in
865 2137 907 2206 iis,
930 2138 980 2213 qui
1001 2145 1126 2195 tractant
1147 2137 1240 2193 medi·

143 2235 251 2292 cinam.
275 2235 309 2292 cl.
324 2233 463 2291 XXXVI
482 2233 536 2306 146
545 2236 738 2311 principatum
754 2234 804 2292 dat
817 2256 853 2291 ex
874 2235 1085 2310 i'iLtAetlu'opica
1101 2234 1240 2291 aculonem

143 2332 351 2388 medicamentis
372 2331 540 2402 utilissimo,·
571 2333 725 2390 XXXVII
752 2335 804 2389 162
828 2332 941 2389 eandem
972 2331 1113 2408 appellant
1132 2345 1157 2388 et
1176 2351 1241 2408 syn-

141 2429 254 2486 echitim
280 2430 310 2485 in
340 2429 438 2486 attritu
458 2428 544 2498 lactei,
575 2449 638 2486 suco
668 2439 693 2485 et
714 2441 813 2504 uapore
841 2429 998 2494 notabilem,
1032 2430 1062 2485 in
1084 2429 1243 2485 educatione

145 2526 300 2584 nutricibus
320 2524 399 2582 laclia
410 2527 572 2601 secundam.

253 2624 406 2681 interdum
427 2633 578 2699 separatur
608 2624 753 2700 appositio
785 2644 802 2681 a
833 2622 1016 2682 substantivo
1046 2624 1085 2680 de
1107 2641 1167 2698 quo
1188 2624 1241 2680 de·

145 2722 267 2796 pendet,
290 2721 444 2778 enuntiato
465 2721 649 2790 secundaria,
680 2729 712 2777 ut
742 2739 779 2778 eo
810 2720 902 2796 magis
923 2721 1126 2778 desideremus
1148 2739 1241 2778 enun-

145 2819 248 2875 tiatum
269 2817 438 2893 primarium
469 2817 514 2873 vel
536 2817 745 2874 secundarium
775 2836 830 2893 pro
853 2835 888 2875 ea
909 2817 1046 2892 positum,
1079 2818 1188 2893 quain
1211 2836 1242 2875 16

145 2916 250 2971 iterum
271 2914 510 2990 distinguendum
540 2924 583 2972 est
610 2915 685 2970 inter
715 2915 847 2972 diversos
869 2915 964 2972 libras.
997 2915 1032 2972 cl.
1054 2917 1094 2972 ad
1115 2915 1242 2990 primum

144 3030 237 3087 genus
268 3011 342 3068 haec
372 3013 567 3087 pertinentia:
599 3011 738 3068 XXXIV
769 3026 807 3085 31)
838 3010 919 3067 moles
945 3056 950 3067 .
974 3057 979 3068 .
1003 3056 1008 3068 .
1032 3012 1156 3068 videmus
1184 3020 1241 3068 sta-

144 3118 266 3173 tuarum,
290 3127 360 3182 quas
379 3108 509 3164 calescens
523 3117 630 3174 uocant,
647 3108 769 3164 turribus
778 3119 883 3183 pares;
905 3106 942 3164 62
966 3109 1039 3164 inter
1057 3128 1126 3182 quac
1148 3106 1240 3183 (lecit)

145 3205 350 3279 destringentem
371 3224 407 3270 se,
431 3225 508 3280 quem
530 3205 573 3262 M.
596 3205 738 3281 Aegrippa
760 3205 874 3270 dicavit,
907 3205 975 3260 mire
995 3213 1110 3279 gratum
1136 3204 1242 3260 'liberio

140 3302 270 3378 principi.
301 3303 350 3359 Ad
372 3303 535 3360 secundum
565 3320 658 3378 genus
689 3303 843 3359 referenda
864 3311 931 3359 sunt
952 3302 1039 3358 haec:
1070 3300 1181 3357 XXIII
1203 3300 1241 3374 08

140 3400 250 3474 palicia,
274 3420 344 3475 qnae
355 3401 414 3474 sert
435 3398 653 3474 reiyrobalamim,
679 3399 879 3473 probatissima
900 3399 930 3455 ia
951 3399 1081 3474 Aegypto,
1104 3418 1164 3454 ossa
1186 3418 1240 3455 uon

145 3496 246 3566 liabet,·
286 3496 424 3553 XXXVI
460 3512 514 3570 149
550 3516 652 3552 ruerem
687 3505 778 3552 autem
815 3493 953 3572 (putant),
984 3497 1036 3570 qui
1067 3497 1097 3552 in
1132 3495 1241 3552 Arabia

147 3604 284 3662 renuatur,
297 3595 406 3662 dicrum,
414 3592 509 3668 gai'lae
517 3592 634 3649 similem
649 3602 700 3650 aut
707 3593 894 3660 subrutilum·
916 3593 1047 3668 denique
1057 3593 1240 3650 medicorum

144 3711 226 3748 111016
247 3693 305 3749 hoc
329 3692 440 3748 dictum
463 3699 519 3746 est:
542 3690 636 3746 XXII
662 3707 712 3747 121
737 3690 790 3746 liac
811 3691 918 3746 decocta
936 3690 981 3762 sit
1001 3689 1239 3752 medicamentum,

144 3790 221 3866 quod
238 3789 359 3865 Aegypti
377 3789 500 3844 atlzeram
524 3796 631 3852 uocaret,
655 3787 810 3843 inentibus
831 3786 1027 3854 rcte‘lelsimum,·
1049 3785 1159 3841 XXIII
1186 3785 1240 3841 108

144 3907 181 3942 ea
200 3887 295 3945 acerbo
311 3889 355 3961 fit
376 3886 612 3954 medicamentum,
644 3886 720 3960 quod
736 3886 890 3942 strematice
912 3892 1031 3950 uocatur,
1063 3881 1240 3940 utilissimum

144 3983 198 4040 arii
219 3984 301 4041 iu'ti'is.

209 4197 241 4276 d)
265 4198 529 4274 Appositionis
550 4199 604 4256 vis
625 4208 776 4273 augetur
797 4197 965 4256 adverbio
986 4197 1169 4254 adiuncto.

251 4320 323 4378 Aliis
344 4321 417 4379 locis
438 4331 560 4398 augetur
581 4322 623 4380 vis
645 4322 838 4398 appositionis
861 4321 1002 4379 adverbio
1024 4319 1172 4378 adiuncta.
1203 4319 1238 4375 cl.

143 4419 235 4496 praef.
261 4435 272 4475 1
296 4439 385 4476 rerum
405 4429 508 4477 natura
530 4465 535 4476 .
558 4465 564 4476 .
588 4465 593 4476 .
617 4427 753 4476 riarratur
772 4429 798 4476 et
818 4420 883 4476 baec
904 4464 910 4476 .
934 4464 938 4474 .
961 4427 1012 4474 aut
1032 4416 1141 4474 rustiiis
1160 4433 1239 4471 aeca-
