3188 5212
536 711 568 790 b)
590 712 817 771 accussativo
839 713 975 770 obiecti

205 859 385 931 indicantum
407 859 493 915 huius
515 877 637 934 quoque
659 877 728 916 usus
753 860 889 935 exempla
911 861 1015 918 afferre
1031 879 1188 934 possumus
1203 880 1219 917 e
1234 860 1305 917 scri-

205 957 264 1030 ptis
286 955 486 1013 Ciceronianis
508 955 638 1013 collecta.
681 956 716 1013 cl.
746 956 785 1014 de
810 975 838 1013 n.
869 957 897 1013 d.
925 972 947 1025 1,
971 971 987 1031 7
1017 977 1109 1012 verrem
1141 957 1206 1013 baec
1234 956 1307 1012 alim

207 1049 429 1127 (tractabimus).
473 1053 582 1109 Plinius
612 1051 687 1110 haec
713 1052 838 1128 scripsit:
870 1051 1202 1128 11167pretr'umeins‚
1234 1054 1310 1128 qnod

205 1161 303 1224 srmra3
335 1159 365 1206 et
385 1149 461 1212 XIV
483 1148 520 1222 67
552 1170 588 1206 ex
618 1149 729 1224 reliquis
758 1159 849 1205 aretem
880 1170 899 1206 a
928 1162 1023 1226 tristem
1059 1151 1135 1206 mari
1161 1151 1306 1208 Praeterita

207 1255 292 1320 alque
304 1246 417 1302 Aneone
439 1248 579 1304 nascentia
600 1255 626 1302 et
639 1267 709 1321 quae
729 1267 747 1302 a
763 1246 864 1322 palma
886 1267 943 1302 rma
955 1248 1030 1321 farte
1050 1257 1133 1303 enata
1149 1247 1307 1322 palmensia

205 1341 377 1417 appellavere
401 1361 440 1400 sc.
470 1362 681 1401 commemoro,
724 1344 812 1401 Haec
840 1343 995 1411 sufficiant,
1025 1362 1093 1400 cum
1121 1361 1183 1400 non
1211 1343 1306 1399 solum

205 1439 289 1514 apud
305 1439 489 1508 Ciceronem,
511 1441 563 1497 sed
586 1441 676 1498 etiam
691 1441 771 1515 apud
787 1458 892 1497 omues
907 1441 968 1497 fere
983 1440 1138 1514 scriptores
1154 1439 1306 1496 Romanos

205 1543 252 1592 tot
273 1535 459 1592 inveniantur
480 1537 624 1612 exempla,
656 1545 688 1592 ut
710 1536 817 1611 ellipsis
839 1536 996 1593 verborum
1017 1535 1145 1603 dicendi,
1174 1553 1307 1592 comme·

128 1704 134 1707 α
205 1633 352 1701 morandi,
375 1633 576 1709 respondendi
597 1634 717 1713 propria
737 1634 774 1690 sit
794 1633 911 1709 linguae
930 1632 1061 1690 Latinae.

557 1931 584 2010 c)
607 1933 775 1991 oratione
796 1934 956 2008 obliqua.

315 2092 427 2160 Restat,
456 2098 487 2147 ut
509 2090 553 2147 his
574 2090 702 2148 adiciam
723 2090 868 2165 exempla,
898 2090 1005 2165 quibus
1027 2109 1117 2166 quam
1138 2090 1228 2148 libere
1251 2091 1307 2148 Pli-

206 2191 273 2248 nius
303 2191 443 2247 adnectat
473 2187 638 2245 orationem
669 2187 830 2262 obliquam,
866 2189 1023 2245 ostendam
1056 2195 1223 2244 commotus
1255 2187 1309 2246 illis

207 2286 472 2353 observationibus
504 2303 578 2360 quas
597 2284 721 2341 instituit
744 2284 781 2342 G.
797 2284 958 2342 Clemmius
980 2286 1019 2342 de
1040 2283 1098 2342 hac
1119 2304 1150 2340 re
1171 2287 1201 2341 in
1223 2285 1308 2354 libro,

208 2384 259 2460 qui
273 2383 449 2442 inscribitur:
466 2383 514 2440 De
526 2381 780 2456 breviloquentiae
793 2380 935 2438 Taciteae
950 2381 1128 2456 quibusdam
1143 2381 1308 2456 generibus,

208 2481 277 2556 Lps.
303 2479 386 2548 1881,
409 2498 469 2555 quo
491 2480 626 2555 inspecto
648 2477 773 2534 Plinium
796 2496 893 2553 aeque
909 2463 950 2535 'ac
971 2477 1108 2534 Tacitum
1130 2495 1173 2545 ea,
1200 2477 1310 2552 quibus

208 2596 307 2634 carere
336 2586 468 2652 possunt,
501 2578 592 2634 verba
621 2575 757 2633 omittere
778 2576 1005 2632 demonstratur.
1049 2575 1183 2650 Apparet
1209 2582 1310 2632 autem

209 2674 373 2732 orationem
404 2675 555 2750 obliquam
583 2675 614 2730 in
644 2673 740 2730 Taciti
769 2673 883 2748 scriptis
913 2673 1032 2747 saepius
1054 2672 1218 2730 adhibitam
1245 2690 1310 2729 esse

208 2790 299 2847 quam
319 2771 349 2828 in
372 2771 464 2840 Plinii,
487 2790 547 2847 qua
568 2772 607 2828 de
621 2788 711 2828 causa
731 2771 790 2827 hoc
804 2779 894 2846 caput
907 2770 1003 2827 Taciti
1022 2769 1155 2828 subtilius
1173 2769 1311 2845 distingui
1354 2845 1357 2852 Ι

208 2876 307 2945 potest
328 2887 418 2944 quam
440 2868 539 2941 Plinii;
571 2876 704 2926 attamen
734 2867 883 2924 nonnullis
915 2868 986 2925 locis
1008 2867 1097 2925 etiam
1124 2868 1155 2923 in
1176 2866 1311 2924 Pliniano

208 2947 299 3042 opere
319 2965 467 3025 invenitur
488 2967 563 3024 haec
584 2973 736 3034 structura,
768 2983 847 3040 quae
868 2966 906 3022 ab
928 2984 965 3022 eo
988 2965 1033 3022 his
1055 2973 1194 3040 quattuor
1215 2963 1311 3021 modis

207 3063 408 3121 introducitur.
528 3065 531 3070 ’

316 3184 445 3241 Primum
456 3185 578 3260 quidem
588 3185 618 3242 in
633 3186 777 3243 enuntiati
795 3185 923 3261 primarii
935 3185 1108 3260 praedicato
1124 3192 1168 3242 est
1189 3184 1312 3240 verbum

208 3282 329 3339 dicendi
351 3282 395 3339 vel
417 3283 573 3350 sentiendi,
604 3302 640 3341 ex
673 3302 734 3359 quo
765 3293 867 3342 tamen
897 3284 962 3360 ipsa
992 3282 1085 3340 oratio
1108 3281 1229 3357 obliqua
1250 3299 1313 3338 non

207 3381 329 3454 pendet,
360 3380 421 3437 sive
451 3381 548 3456 ipsum
572 3382 695 3438 verbum
726 3382 923 3456 repetendum
952 3380 1014 3439 sive
1045 3397 1157 3436 novum
1188 3379 1312 3435 verbum

208 3477 407 3552 supplendum
438 3486 494 3534 est:
526 3478 573 3535 IX
600 3476 637 3552 76
668 3477 825 3536 Aristoteles
854 3499 978 3554 zmyrum
1012 3485 1091 3534 vorm
1120 3495 1232 3545 marem,
1263 3476 1314 3550 qni

204 3582 328 3649 generet:
360 3573 504 3631 discrimen
525 3593 587 3640 esse,
618 3574 695 3648 qnod
713 3589 829 3632 murena
851 3575 931 3631 aaran
960 3584 985 3630 et
1005 3574 1121 3647 infirma
1141 3573 1189 3644 sit;
1221 3571 1250 3628 X
1277 3571 1310 3630 18

208 3678 247 3726 est
259 3669 439 3746 praecelehris
458 3671 539 3746 apud
556 3670 651 3729 Seston
674 3671 766 3728 arbem
786 3672 898 3746 aquilae
915 3670 1028 3746 gland·
1050 3670 1193 3726 educatam
1216 3689 1234 3724 a
1256 3669 1313 3724 air·

204 3768 272 3842 gine
291 3766 422 3823 rettulisse
440 3769 564 3842 gratiam
586 3787 650 3824 anes
657 3768 762 3844 primo,
787 3788 855 3824 mox
875 3766 972 3823 deinde
993 3774 1108 3822 venatus
1128 3764 1310 3840 adgerenlern;

208 3864 278 3921 item
300 3864 380 3921 XIII
406 3880 473 3938 131;
495 3865 554 3921 XV
580 3867 680 3938 12;11
704 3879 755 3939 72;
777 3866 829 3939 48;
851 3865 879 3920 V
902 3878 947 3938 55.

316 3961 437 4018 Deinde
451 3963 572 4019 verbum
598 3981 703 4039 regens
719 3961 863 4020 enuntiati
877 3961 1006 4037 primarii
1029 3961 1147 4036 proprie
1168 3960 1208 4017 ad
1232 3959 1314 4017 obie-

209 4068 288 4117 ctum
310 4059 431 4134 aliquod
452 4060 586 4134 pertinet,
615 4078 675 4135 qua
696 4062 735 4118 de
756 4078 845 4117 causa
865 4077 926 4116 non
949 4059 1054 4134 ipsum
1076 4058 1115 4118 ad
1137 4065 1314 4132 sequentem

209 4156 375 4214 orationem
397 4156 549 4232 obliquam
570 4157 668 4214 referri
689 4166 794 4234 potest.

209 4282 308 4358 1X89
330 4302 385 4338 non
406 4291 472 4339 snnt
486 4283 687 4359 praetereunda
702 4328 707 4340 .
724 4327 751 4338 ..
774 4290 910 4356 comperta
925 4281 957 4338 de
973 4280 1091 4356 polypis
1111 4299 1180 4354 qnae
1198 4279 1220 4334 7
1221 4276 1310 4334 rebius

248 4380 342 4462 Niger
367 4400 380 4440 e
407 4379 551 4442 corrritibns
580 4380 637 4440 eins
660 4379 803 4460 prodidit:
834 4379 1010 4440 avidissimas
1038 4396 1091 4439 esse
1120 4375 1306 4447 concitatam·
