3188 5212
818 425 994 480 ..30-

357 587 463 646 omittit
484 607 649 664 pronomen
671 605 732 646 non
753 590 951 648 antecedente
971 590 1021 648 tali
1042 591 1197 661 adiectivo‚
1220 593 1307 668 quale
1337 601 1396 650 est
1421 592 1484 650 hoc

358 685 424 742 loco
445 697 578 744 ceteras.
621 685 673 744 Me
694 686 791 744 iudice
811 687 859 744 hic
881 685 966 744 mallo
987 687 1084 744 deinde
1103 688 1216 746 obnaas
1234 689 1289 746 sale
1310 690 1417 748 idem
1443 701 1489 747 est

358 790 461 858 atque:
484 799 562 858 quae
583 782 694 840 deinde
715 783 807 840 multo
828 783 889 842 sale
910 785 1082 842 obruuntur.

592 1097 617 1138 2.
646 1079 701 1138 De
722 1080 918 1138 omissione
939 1082 1212 1157 particularum.

465 1236 533 1302 Illis,
556 1236 585 1292 in
614 1237 721 1312 quibus
748 1235 857 1294 Plinius
887 1237 976 1296 adicit
1002 1239 1251 1308 coniunctionem,
1282 1239 1482 1298 adverbium

357 1333 581 1409 particulasque.
604 1334 674 1392 locis
696 1334 824 1392 tractatis
845 1353 1044 1405 commoveor,
1067 1345 1099 1393 ut
1120 1337 1207 1394 aliam
1230 1336 1384 1414 loquendi
1402 1337 1480 1392 bre-

357 1431 477 1490 vitatem
498 1432 624 1489 adiciam
646 1433 675 1488 in
696 1450 734 1490 eo
755 1432 890 1508 positam,
913 1434 996 1508 quod
1016 1433 1144 1492 invicem
1165 1434 1213 1492 hic
1226 1435 1361 1510 scriptor,
1392 1452 1479 1509 quas

357 1549 374 1586 e
395 1529 608 1586 sententiarum
630 1529 909 1604 enuntiatommque
930 1547 1046 1588 conexu
1061 1538 1276 1605 exspectamus,
1298 1529 1478 1606 particulas

356 1626 502 1702 quasdam
524 1625 639 1682 omittit
681 1625 859 1702 Saepissime
879 1625 1063 1684 desideratur
1083 1626 1225 1702 particula

356 1766 467 1812 autem:
502 1749 592 1823 prael.
625 1763 664 1804 20
698 1767 745 1804 eos
774 1747 884 1822 qae'dm
913 1747 1040 1804 divimus
1069 1759 1146 1823 opere
1175 1750 1260 1815 iusto,
1304 1759 1474 1824 temporum

397 1857 551 1904 nostrornm
572 1847 717 1904 ln'stonam
737 1847 796 1903 orsi
812 1867 831 1902 a
842 1847 908 1920 sim
928 1847 1031 1921 elefidi
1047 1847 1140 1904 Bassi.
1187 1847 1247 1906 Ubi
1265 1845 1395 1926 (autem)
1421 1847 1470 1914 sil,

397 1967 429 2002 ea
450 1965 561 2022 quaeres
569 1967 580 2011 ‚·
611 1944 749 2002 XXXIV
772 1959 788 2018 5
821 1944 880 1999 tileo
902 1941 1027 2022 (autem)
1057 1945 1141 2001 ete'arn
1172 1945 1285 2001 deonem
1315 1945 1471 2018 adscrepta

395 2045 477 2118 operi,
508 2064 570 2100 enm
594 2055 718 2117 proceres
744 2042 869 2116 gentium
893 2040 1045 2098 clan'latern
1076 2051 1102 2097 el
1127 2042 1181 2098 hac
1211 2043 1258 2098 zea
1289 2048 1465 2116 quaererent.

396 2141 506 2197 Autem
527 2139 670 2215 particula
690 2139 793 2196 addita
815 2145 860 2196 est
880 2157 898 2194 a
919 2139 1007 2195 codd.
1034 2139 1067 2196 B.
1089 2139 1117 2196 S.
1140 2139 1163 2195 I.
1185 2139 1216 2195 id
1238 2140 1321 2214 quod
1346 2139 1466 2196 laisum

396 2257 460 2296 oese
481 2235 640 2314 videtur¹);
671 2235 826 2294 XXXVII
853 2235 907 2292 116
936 2237 1052 2311 aplanen,
1084 2256 1155 2310 quae
1185 2248 1326 2312 purpurae
1345 2235 1471 2310 alequid

395 2336 483 2406 habel,
503 2335 630 2404 secanda,
661 2355 732 2410 quae
752 2353 836 2400 rosae,
864 2334 954 2398 tenea,
978 2353 1049 2408 qaae
1070 2333 1223 2409 smaragdi.
1266 2332 1382 2408 Singuli
1404 2330 1462 2409 (sc.

394 2445 502 2502 autem,
534 2435 617 2511 quod
637 2434 770 2491 adiciunt
791 2432 823 2490 L.
846 2453 870 2488 v.
879 2427 911 2508 ²).
957 2431 1062 2489 Graeci
1089 2433 1205 2488 nomina
1232 2451 1269 2487 ex
1287 2439 1455 2507 argumento

395 2533 494 2589 dedere.
537 2531 575 2588 Et
595 2532 637 2588 sic
657 2531 794 2586 nimirum
823 2530 932 2606 ubique
954 2528 1070 2597 Plinius,
1101 2537 1134 2586 ut
1161 2529 1359 2587 necessarium
1384 2546 1455 2584 non

395 2630 431 2687 sit
451 2630 536 2705 plura
556 2629 661 2686 allerre
683 2626 827 2701 exempla.

355 2764 445 2816 euim:
464 2749 555 2825 prael.
582 2763 614 2804 12
637 2766 680 2823 sq.
704 2767 787 2821 neque
807 2746 960 2804 admallaret
974 2746 1087 2824 (libelli)
1108 2767 1232 2804 excessus
1251 2757 1303 2804 aul
1316 2748 1459 2803 orationes

393 2865 559 2903 sermonesve
588 2890 594 2902 .
626 2888 632 2901 .
664 2889 670 2900 .
700 2843 789 2900 sten'li
806 2845 930 2901 maleno.
973 2844 1077 2901 Rernm
1100 2843 1204 2922 (euim)
1226 2854 1331 2902 natura
1367 2889 1373 2901 .
1405 2889 1412 2900 .
1449 2887 1455 2897 .

395 2951 546 3011 narratum·
572 2959 606 3015 14
620 2950 764 3018 praeterea
784 2942 833 2998 iler
854 2951 967 2999 estnon
989 2943 1055 2998 lnla
1074 2942 1232 2998 auclon'bas
1254 2943 1321 3011 vila,
1344 2962 1377 2998 ne
1395 2959 1456 3015 qua

387 3042 567 3117 peregnnan'
583 3042 697 3098 animat
716 3051 832 3116 expetat.
874 3043 966 3100 Nemo
981 3037 1085 3116 (enim)
1104 3041 1186 3117 apud
1203 3060 1259 3110 nos,
1281 3042 1350 3115 qui‚·
1371 3039 1416 3097 IX
1433 3053 1451 3112 5

394 3138 477 3196 aliter
493 3140 596 3214 sparsis
617 3160 672 3197 non
693 3149 752 3197 erat
771 3140 897 3208 madere·
919 3158 975 3194 non
991 3135 1095 3214 (euim)
1118 3157 1188 3202 noce,
1213 3156 1268 3193 non
1289 3137 1382 3193 sonitu
1396 3179 1452 3192 ...

393 3237 444 3293 sed
451 3238 568 3312 fragore
587 3246 738 3304 terrenum
759 3237 831 3292 item
853 3234 904 3307 8o;
926 3248 980 3308 97;
1003 3235 1047 3291 bis
1073 3250 1136 3309 152.

354 3379 526 3437 propterea:
552 3359 615 3415 XII
639 3375 676 3429 24
704 3357 755 3413 sed
775 3365 802 3412 et
826 3355 900 3411 aleas
927 3354 1028 3412 similes
1056 3357 1122 3413 huic
1151 3355 1262 3412 dulcior
1282 3367 1376 3430 pomo,
1407 3355 1458 3411 sed

395 3457 596 3513 interaneorum
619 3455 774 3511 valetudini
793 3454 914 3527 trejecto·
935 3453 1062 3509 edirerot
1081 3451 1266 3530 (propterea)
1281 3453 1452 3520 Alexander,

394 3555 536 3629 nequis.
560 3598 565 3609 .
588 3598 594 3610 .
616 3553 766 3626 attingeret.
807 3550 961 3607 Sufficiant
981 3551 1057 3608 haec
1078 3550 1222 3626 exempla,
1251 3568 1330 3625 quae
1357 3549 1453 3606 multis

395 3651 458 3709 aliis
479 3649 578 3726 augen'
598 3657 731 3724 possunt.

465 3959 489 4019 1)
507 3957 539 4005 tl.
558 3959 592 4006 A.
611 3953 739 4002 Felsium:
768 3953 809 4001 De
826 3954 938 4003 oodicum
956 3955 1126 4019 antiquorum,
1145 3951 1276 4016 inquibus
1288 3951 1364 3998 Plinii
1383 3959 1452 3997 uatu-

354 4045 413 4094 nlis
430 4043 536 4093 historia
554 4044 586 4092 ad
604 4051 690 4091 nostra
709 4051 823 4108 tempora
840 4053 978 4108 propagata
996 4053 1042 4108 est,
1061 4044 1126 4105 satis,
1145 4041 1196 4090 fide
1213 4049 1289 4105 atque
1308 4039 1453 4089 auctoritate

354 4133 539 4197 commentatio,
558 4131 691 4194 Gottingae
713 4130 788 4197 1861,
807 4147 833 4195 p.
857 4143 914 4182 100.

462 4221 491 4288 2)
509 4221 539 4271 cl.
558 4224 593 4271 Α
612 4219 723 4268 Felsium
741 4219 759 4271 l
778 4219 797 4271 l.
816 4236 842 4284 p.
864 4231 922 4271 102.
