3188 5212
625 411 783 463 „,7-

155 682 216 742 111.
242 680 296 739 De
321 677 481 740 neutrius
498 677 638 753 generis
655 676 919 738 adiectivorutn
943 677 1164 740 substantivo
1183 695 1250 741 usu

560 786 652 861 apud
676 783 844 845 Plinium.

266 937 288 978 1.
310 920 350 978 de
370 919 506 996 singulari
527 937 663 976 numero:

310 1018 339 1093 a)
362 1017 401 1074 de
422 1015 598 1084 accusativo,

310 1111 342 1191 b)
365 1115 404 1170 de
424 1113 541 1171 casibus
561 1115 705 1189 genetiv0,
728 1114 836 1182 dativo,
859 1112 996 1184 ablativo,

315 1209 343 1285 c)
365 1212 404 1269 de
435 1210 586 1268 adiectivis
624 1210 743 1268 ablativi
773 1212 868 1268 tonna
899 1211 1088 1280 exstantibus,
1121 1229 1199 1289 quae
1233 1231 1251 1270 e

367 1308 643 1384 praepositionibus*
654 1310 796 1384 pendent,

310 1405 342 1484 d)
364 1407 404 1464 de
424 1405 575 1464 adiectivis
605 1406 756 1482 singularis
778 1405 900 1476 numeri,
932 1405 1077 1482 equibus
1097 1405 1250 1482 genetivus

367 1503 413 1562 vel
435 1503 525 1561 dictio
546 1503 801 1578 praepositionalis
822 1503 972 1578 pendent;

263 1617 289 1661 2.
311 1603 351 1660 de
370 1600 475 1678 plurali
495 1618 620 1657 numero
626 1620 633 1673 ;

310 1700 340 1776 a)
362 1699 401 1756 de
421 1697 596 1755 nominativi
617 1705 647 1755 et
666 1697 824 1756 accusativi
845 1698 970 1767 casibus,

308 1795 341 1873 b)
363 1797 402 1853 de
423 1793 539 1852 casibus
560 1793 694 1870 obliquis

315 1891 342 1965 c)
365 1893 404 1950 de
424 1889 575 1949 adiectivis
596 1890 713 1966 pluralis
728 1891 851 1960 numeri,
874 1894 1012 1969 equibus
1033 1895 1145 1969 pendet
1158 1912 1248 1970 gene·

314 2008 317 2013 ·
366 1990 442 2048 tivus
463 1987 510 2046 vel
530 1986 620 2046 dictio
641 1988 903 2064 praepositionalis.

387 2202 446 2262 1v.
471 2202 525 2261 De
549 2203 744 2261 verborum
768 2201 1012 2266 ommissione.

264 2355 287 2396 1.
309 2336 494 2413 supplendae
515 2344 584 2393 sunt
604 2336 718 2393 formae
738 2336 820 2393 verbi
840 2342 950 2407 ,‚esse“,

315 2432 346 2510 a)
367 2433 398 2490 in
419 2431 619 2508 complun'bus
649 2431 807 2490 enuntiatis
826 2432 970 2509 primariis
1000 2435 1046 2492 vel
1067 2434 1249 2494 secundariis

366 2530 565 2607 sequentibus,

366 2627 395 2707 α)
417 2629 525 2687 eadem
545 2628 649 2696 forma,

365 2726 396 2804 β)
417 2726 474 2785 alia
495 2726 597 2795 forma,

313 2824 345 2902 b)
368 2824 398 2881 in
419 2822 577 2882 enuntiatis
597 2821 741 2898 primariis
762 2823 808 2880 vel
830 2823 1010 2883 secundariis
1031 2823 1180 2884 indicatae

366 2919 395 2998 a)
417 2919 547 2978 dictione
567 2919 815 2995 praepositionali,

364 3019 394 3095 β)
417 3017 686 3090 coniunctionibus5

261 3133 286 3174 2,
308 3116 476 3192 supplenda
496 3122 564 3173 sunt
585 3114 675 3173 verba
704 3113 819 3172 oriendi
849 3115 894 3173 vel
916 3115 1057 3173 movendi
1077 3116 1182 3175 iisdem
1203 3117 1248 3175 di·

308 3213 455 3272 ctionibus
472 3211 768 3289 praepositionalibus
780 3211 826 3270 vel
838 3212 1095 3270 coniunctionibus
1106 3211 1248 3286 indicata3

260 3327 286 3387 3.
308 3310 493 3387 supplendae
507 3317 575 3367 sunt
589 3309 702 3366 formae
718 3309 875 3367 verborum
884 3309 955 3378 fieri,
967 3309 1093 3380 evenire,
1105 3309 1248 3380 accidere,

259 3426 286 3483 4.
308 3409 422 3466 formae
442 3405 567 3464 aliorum
587 3407 752 3476 verborum,

260 3521 286 3582 5.
308 3506 422 3564 tonnae
441 3503 600 3562 verborum
621 3503 741 3561 dicendi
761 3503 909 3563 indicatae

309 3601 339 3682 a)
361 3601 491 3660 dictione
511 3600 759 3677 praepositionali,

308 3699 340 3778 b)
362 3698 529 3758 accusativo
550 3697 668 3767 obiecti,

311 3793 339 3874 c)
360 3795 494 3854 oratione
516 3795 645 3872 obliqua.

258 3895 284 3954 6.
308 3895 430 3952 verbum
451 3891 600 3963 omittitur,
622 3891 646 3950 si
667 3910 705 3950 ex
725 3893 969 3952 antecedentibus
990 3893 1037 3951 vel
1057 3893 1249 3970 sequentibus

306 3989 416 4067 expleri
436 3996 550 4066 potest:

307 4087 337 4166 a)
359 4108 396 4147 ex
417 4086 571 4146 enuntiato
600 4086 739 4163 primario
769 4088 969 4164 supplendum
999 4095 1043 4145 est
1068 4086 1192 4144 verbum
1217 4085 1248 4142 in

365 4185 446 4244 aliud
467 4183 652 4243 enuntiatum
673 4184 842 4264 ptimarium

365 4282 393 4360 a)
416 4282 523 4341 eadem
544 4282 647 4353 forma,

364 4380 395 4458 β)
416 4379 473 4440 alia
494 4380 597 4450 forma,
