3188 5212
332 607 428 684 opibus
448 607 535 664 clatos
548 609 722 664 treomn'clcm
745 609 946 684 concupisceret,
978 629 1037 684 cluo
1056 609 1121 665 loco
1140 619 1275 667 antone
1306 612 1444 668 coniten-

332 705 460 762 ctionom
476 705 674 781 supplendum
686 715 729 764 est
744 706 866 762 verbum
889 705 1013 764 timendi
1033 704 1235 782 impersonalis
1257 708 1381 765 formae
1407 727 1446 766 ex

332 801 519 860 antecedenti
542 801 695 878 personali.
740 801 831 860 Hunc
861 821 955 870 usum,
981 821 1071 879 quem
1098 802 1337 879 videmusapud
1364 805 1445 864 scri·

333 909 432 975 ptores
447 899 558 974 priores
574 917 669 956 cerunt
686 900 781 968 luisse,
803 900 976 958 adamatum
997 917 1062 958 esse
1083 918 1102 957 a
1116 899 1209 958 Plinio
1231 901 1307 958 haec
1330 921 1449 959 exem-

333 995 381 1072 pla
402 995 540 1054 doceant

441 1091 597 1150 Faciliores
618 1102 686 1150 sunt
707 1093 724 1150 ii
741 1094 804 1162 loci,
826 1094 932 1170 quibus
955 1094 1076 1150 verbum
1096 1093 1215 1150 dicendi
1230 1094 1449 1169 supplendum

333 1199 377 1245 est
398 1189 454 1246 alia
476 1189 577 1246 forma.
608 1190 644 1246 cf.
667 1189 696 1246 X
723 1206 771 1248 101
799 1192 899 1248 ru'ctccm
921 1191 1005 1247 aiunt
1026 1209 1146 1245 venerem
1163 1191 1237 1264 pati,
1270 1190 1304 1245 td
1321 1190 1448 1264 qrceelem

333 1295 358 1342 et
377 1287 526 1342 cotccmiccs
551 1285 653 1358 Trogos
682 1307 720 1344 sc.
743 1287 782 1344 ait
813 1297 838 1344 et
854 1287 1022 1362 gallinaceos
1043 1285 1207 1361 alr'qccando;
1239 1286 1286 1343 XI
1308 1285 1348 1361 69
1370 1297 1452 1344 sccnt

333 1383 408 1458 clici.
431 1427 437 1438 .
461 1429 466 1440 .
484 1391 583 1458 patent
603 1385 757 1440 rcr'c'oc'scere
778 1430 783 1441 .
807 1429 813 1441 .
836 1427 842 1441 .
871 1399 909 1456 70
937 1383 1068 1456 Vergilius
1088 1401 1126 1440 se.
1148 1391 1233 1458 putat
1254 1385 1448 1440 iccoencorccm

333 1491 440 1556 corpore
460 1482 635 1549 c.t·arn'mato;
668 1495 704 1555 77
727 1479 866 1557 bombyces
886 1491 911 1536 et
941 1481 970 1537 in
997 1478 1051 1538 Coo
1080 1479 1173 1536 r'resccla
1204 1481 1284 1536 nasci
1312 1481 1446 1538 tradem-

333 1585 405 1634 tnr.
428 1621 434 1633 .
457 1621 463 1634 .
486 1577 556 1654 fien'
573 1587 664 1634 antem
682 1579 775 1653 prc'rno
792 1577 949 1654 papiliones
964 1589 1069 1652 pantos
1090 1576 1229 1650 nccdosqcce
1250 1595 1289 1633 sc.
1312 1578 1448 1634 tradunt

334 1673 379 1730 vel
402 1673 537 1746 traditur;
560 1674 629 1730 item
645 1673 706 1732 XII
722 1671 768 1748 67.
805 1673 871 1731 Alia
894 1673 983 1731 verba
1004 1673 1050 1730 his
1071 1673 1141 1730 locis
1162 1671 1330 1748 supplenda
1351 1683 1445 1731 sunt:

335 1770 380 1828 IX
400 1785 452 1846 157
466 1772 579 1846 secretim
594 1773 680 1846 pisces
701 1773 786 1828 coc'tccs
805 1781 922 1846 ternpore
944 1791 1046 1827 rnanm
1067 1771 1210 1846 seqra'trcr.
1228 1814 1257 1826 ..
1279 1770 1330 1826 sub
1343 1781 1447 1846 parter

336 1887 424 1924 creares
435 1869 576 1942 fencinam
597 1867 727 1925 sc'rnr'liter
753 1887 792 1926 se.
814 1876 990 1944 sequuntur;
1026 1865 1081 1924 160
1107 1866 1228 1934 cortine·
1255 1875 1281 1922 et
1308 1866 1446 1924 channae

336 1965 430 2022 cotzos
450 1965 547 2022 habere
567 1964 725 2030 tradantur,
758 1966 809 2040 qui
836 1964 940 2022 trochos
960 1962 1117 2040 appellatur
1134 1982 1153 2020 a
1178 1961 1300 2032 Graecis,
1332 1964 1392 2038 ipse
1413 1982 1447 2019 se

335 2062 405 2118 t'rrirc
425 2081 464 2120 sc.
486 2063 621 2133 traditur;
653 2061 682 2117 X
705 2059 743 2118 80
766 2061 971 2138 melancoryphi
997 2069 1137 2126 uocantur,
1169 2058 1219 2115 secl
1244 2068 1270 2115 et
1298 2060 1445 2116 en'tlcacns

335 2158 421 2214 hiem
442 2158 512 2215 r‘ciem
529 2159 714 2233 ptroan'cnrns
734 2167 834 2216 aestate
854 2177 893 2216 se.
917 2167 1045 2226 vocatur,
1078 2175 1156 2233 quae
1178 2156 1315 2232 exempla
1336 2157 1444 2216 multis

335 2255 397 2314 ¹aliis
418 2255 516 2332 augeri
539 2263 671 2331 possunt.

336 2648 368 2726 b)
395 2668 435 2706 ex
458 2649 650 2707 enuntiato
671 2646 842 2724 primario
863 2647 898 2703 in
920 2646 1146 2704 enuntiatum
1168 2645 1440 2716 secundarium.

443 2821 507 2877 Iam
529 2820 660 2895 sequitur
680 2819 760 2877 aliud
781 2838 874 2897 genus
896 2821 1052 2877 verborum
1067 2819 1240 2889 omissioniS,
1264 2819 1346 2876 cuius
1369 2821 1441 2894 qui-

335 2920 405 2976 dem
428 2937 609 2995 quamquam
641 2937 701 2976 non
723 2926 767 2975 tot
787 2918 884 2975 afferri
905 2926 1029 2993 possunt
1060 2917 1196 2993 exempla
1226 2925 1300 2993 quot
1319 2917 1442 2992 pn'oris,

337 3026 438 3074 tamen
460 3017 608 3092 quaedam
630 3016 703 3074 mira
731 3024 821 3092 atque
849 3014 966 3072 insolita
988 3014 1253 3072 commemoranda
1276 3011 1348 3068 mihi
1371 3032 1443 3072 esse

337 3114 479 3172 existimo
523 3114 625 3190 Agitur
656 3113 735 3171 enim
763 3131 844 3170 nune
864 3113 904 3169 de
927 3112 1095 3179 enuntiatis,
1127 3129 1205 3187 quae
1235 3129 1297 3166 non
1327 3110 1443 3168 eadem

336 3211 450 3268 ratione
470 3213 661 3285 grammatica
682 3219 811 3280 utuntur,
834 3210 986 3286 inquibus
1007 3211 1128 3267 verbum
1150 3208 1266 3265 linitum
1288 3226 1325 3264 ex
1339 3225 1443 3264 enun-

337 3309 408 3366 tiato
430 3307 569 3384 primario
590 3310 742 3384 suppletur
762 3309 793 3364 in
815 3307 1000 3365 enuntiatum
1022 3305 1238 3375 secundarium,
1264 3313 1354 3380 atque
1375 3305 1443 3380 pri-

337 3424 419 3462 mum
441 3406 562 3482 quidem
584 3406 775 3464 adiciendum
797 3414 841 3464 est
863 3406 985 3463 verbum
1287 3399 1289 3404 ’

726 3759 755 3838 α)
777 3761 901 3818 eadem
924 3759 1044 3816 forma.

444 3925 504 3982 Sed
525 3926 697 4001 priusquam
719 3925 868 3983 Plinianos
890 3941 1062 3982 enumerem
1084 3922 1172 3990 locos,
1195 3921 1281 3979 liceat
1303 3921 1381 3989 mihi,
1405 3931 1443 3980 ut

338 4018 418 4075 hunc
439 4020 558 4077 dicendi
580 4022 714 4080 ordinem
736 4041 796 4080 non
819 4041 837 4080 a
859 4022 953 4079 Plinio
983 4019 1110 4080 exordiri
1139 4020 1260 4087 eluceat,
1291 4019 1441 4077 adnotare

338 4114 480 4171 nonnulla
502 4114 563 4171 eius
577 4118 691 4191 generis
707 4119 843 4193 exempla
864 4137 881 4175 e
896 4118 1047 4176 Ciceronis
1068 4115 1180 4190 scriptis
1195 4115 1325 4172 collecta.
1355 4113 1439 4171 Nam

338 4212 362 4270 si
384 4212 506 4289 legimus
520 4211 601 4286 apud
617 4212 791 4269 Ciceronem
813 4213 843 4269 in
865 4222 924 4287 top.
963 4211 1008 4280 26,
1030 4213 1068 4287 98
1090 4215 1142 4288 qni
1159 4213 1201 4270 ad
1211 4210 1437 4288 persuadendum

339 4309 394 4367 loci
412 4311 536 4366 neaxime
557 4307 675 4375 valeant,
702 4307 805 4364 clc'ctom
827 4317 865 4364 est
885 4309 915 4364 in
937 4309 979 4376 tis,
1009 4309 1038 4365 in
1060 4311 1159 4384 qeec'bus
1179 4310 1212 4367 ale
1232 4311 1312 4367 omni
1330 4308 1439 4365 rotrone

341 4407 453 4468 docendi
471 4426 509 4466 se.
532 4407 643 4466 dictum
665 4413 718 4473 est,
742 4406 788 4463 vet
810 4408 891 4484 apud
907 4406 1065 4469 Horatium
1087 4407 1116 4470 in
1138 4427 1226 4472 carm.
1250 4409 1438 4488 1113‚1sq.
