<?xml version="1.0" encoding="UTF-8"?>
<!DOCTYPE html PUBLIC "-//W3C//DTD XHTML 1.0 Transitional//EN"
    "http://www.w3.org/TR/xhtml1/DTD/xhtml1-transitional.dtd">
<html xmlns="http://www.w3.org/1999/xhtml" xml:lang="en" lang="en">
 <head>
  <title>
</title>
<meta http-equiv="Content-Type" content="text/html;charset=utf-8" />
  <meta name='ocr-system' content='tesseract 3.04.00' />
  <meta name='ocr-capabilities' content='ocr_page ocr_carea ocr_par ocr_line ocrx_word'/>
</head>
<body>
  <div class='ocr_page' id='page_1' title='image "./debreviloquenti00plingoog_0014.png"; bbox 0 0 3188 5212; ppageno 0'>
   <div class='ocr_carea' id='block_1_1' title="bbox 317 1321 1089 1463">
    <p class='ocr_par' dir='ltr' id='par_1_1' title="bbox 317 1321 1089 1463">
     <span class='ocr_line' id='line_1_1' title="bbox 317 1321 1089 1463; baseline -0.004 -19"><span class='ocrx_word' id='word_1_1' title='bbox 317 1365 349 1446; x_wconf 94' lang='lat' dir='ltr'><strong>I.</strong></span> <span class='ocrx_word' id='word_1_2' title='bbox 388 1363 458 1444; x_wconf 86' lang='lat' dir='ltr'><strong>De</strong></span> <span class='ocrx_word' id='word_1_3' title='bbox 488 1363 640 1463; x_wconf 85' lang='lat' dir='ltr'><strong>ellipsi</strong></span> <span class='ocrx_word' id='word_1_4' title='bbox 669 1321 1089 1443; x_wconf 63' lang='lat' dir='ltr'><strong>substantivorum.</strong></span> 
     </span>
    </p>
   </div>
   <div class='ocr_carea' id='block_1_2' title="bbox 473 1582 936 1646">
    <p class='ocr_par' dir='ltr' id='par_1_2' title="bbox 473 1582 936 1646">
     <span class='ocr_line' id='line_1_2' title="bbox 473 1582 936 1646; baseline -0.006 0"><span class='ocrx_word' id='word_1_5' title='bbox 473 1601 497 1646; x_wconf 87' lang='lat'><strong>1.</strong></span> <span class='ocrx_word' id='word_1_6' title='bbox 523 1583 708 1646; x_wconf 89' lang='lat' dir='ltr'><strong>omittitur</strong></span> <span class='ocrx_word' id='word_1_7' title='bbox 733 1582 936 1645; x_wconf 87' lang='lat' dir='ltr'><strong>subiectum</strong></span> 
     </span>
    </p>
   </div>
   <div class='ocr_carea' id='block_1_3' title="bbox 335 1735 1069 1815">
    <p class='ocr_par' dir='ltr' id='par_1_3' title="bbox 335 1735 1069 1815">
     <span class='ocr_line' id='line_1_3' title="bbox 335 1735 1069 1815; baseline -0.001 -19"><span class='ocrx_word' id='word_1_8' title='bbox 335 1736 365 1815; x_wconf 90' lang='lat' dir='ltr'><strong>a)</strong></span> <span class='ocrx_word' id='word_1_9' title='bbox 388 1737 576 1796; x_wconf 89' lang='lat' dir='ltr'><strong>enuntiati</strong></span> <span class='ocrx_word' id='word_1_10' title='bbox 596 1736 755 1813; x_wconf 74' lang='lat' dir='ltr'><strong>prunarii</strong></span> <span class='ocrx_word' id='word_1_11' title='bbox 776 1735 831 1792; x_wconf 86' lang='lat' dir='ltr'><strong>vel</strong></span> <span class='ocrx_word' id='word_1_12' title='bbox 852 1737 1069 1795; x_wconf 88' lang='lat' dir='ltr'><strong>secundarii.</strong></span> 
     </span>
    </p>
   </div>
   <div class='ocr_carea' id='block_1_4' title="bbox 139 1873 1336 4469">
    <p class='ocr_par' dir='ltr' id='par_1_4' title="bbox 139 1873 1336 4469">
     <span class='ocr_line' id='line_1_4' title="bbox 262 1873 1248 1950; baseline -0.001 -15"><span class='ocrx_word' id='word_1_13' title='bbox 262 1876 425 1936; x_wconf 87' lang='lat' dir='ltr'><strong>Observavi</strong></span> <span class='ocrx_word' id='word_1_14' title='bbox 453 1876 575 1933; x_wconf 90' lang='lat' dir='ltr'><strong>subiecti</strong></span> <span class='ocrx_word' id='word_1_15' title='bbox 597 1875 774 1933; x_wconf 90' lang='lat' dir='ltr'><strong>vocabulum</strong></span> <span class='ocrx_word' id='word_1_16' title='bbox 796 1873 890 1931; x_wconf 90' lang='lat' dir='ltr'><strong>omitti</strong></span> <span class='ocrx_word' id='word_1_17' title='bbox 915 1874 946 1929; x_wconf 82' lang='lat' dir='ltr'><strong>ln</strong></span> <span class='ocrx_word' id='word_1_18' title='bbox 967 1875 1079 1950; x_wconf 88' lang='lat' dir='ltr'><strong>scriptis</strong></span> <span class='ocrx_word' id='word_1_19' title='bbox 1101 1875 1248 1945; x_wconf 80' lang='lat' dir='ltr'><strong>PlinianiS,</strong></span> 
     </span>
     <span class='ocr_line' id='line_1_5' title="bbox 155 1971 1250 2049; baseline 0.001 -19"><span class='ocrx_word' id='word_1_20' title='bbox 155 1975 236 2049; x_wconf 92' lang='lat' dir='ltr'><strong>quod</strong></span> <span class='ocrx_word' id='word_1_21' title='bbox 258 1973 353 2049; x_wconf 92' lang='lat' dir='ltr'><strong>primo</strong></span> <span class='ocrx_word' id='word_1_22' title='bbox 368 1974 473 2030; x_wconf 91' lang='lat' dir='ltr'><strong>obtutu</strong></span> <span class='ocrx_word' id='word_1_23' title='bbox 494 1973 556 2030; x_wconf 89' lang='lat' dir='ltr'><strong>lieri</strong></span> <span class='ocrx_word' id='word_1_24' title='bbox 571 1991 631 2029; x_wconf 92' lang='lat' dir='ltr'><strong>non</strong></span> <span class='ocrx_word' id='word_1_25' title='bbox 653 1990 741 2046; x_wconf 91' lang='lat' dir='ltr'><strong>posse</strong></span> <span class='ocrx_word' id='word_1_26' title='bbox 756 1971 877 2039; x_wconf 89' lang='lat' dir='ltr'><strong>videtur,</strong></span> <span class='ocrx_word' id='word_1_27' title='bbox 899 1989 967 2027; x_wconf 91' lang='lat' dir='ltr'><strong>cum</strong></span> <span class='ocrx_word' id='word_1_28' title='bbox 989 1973 1172 2029; x_wconf 76' lang='lat' dir='ltr'><strong>enuntIatum</strong></span> <span class='ocrx_word' id='word_1_29' title='bbox 1187 1974 1250 2031; x_wconf 90' lang='lat' dir='ltr'><strong>sine</strong></span> 
     </span>
     <span class='ocr_line' id='line_1_6' title="bbox 154 2067 1249 2145; baseline -0.002 -17"><span class='ocrx_word' id='word_1_30' title='bbox 154 2070 277 2128; x_wconf 91' lang='lat' dir='ltr'><strong>subiecti</strong></span> <span class='ocrx_word' id='word_1_31' title='bbox 298 2069 482 2127; x_wconf 89' lang='lat' dir='ltr'><strong>substantivo</strong></span> <span class='ocrx_word' id='word_1_32' title='bbox 497 2078 612 2145; x_wconf 79' lang='lat' dir='ltr'><strong>exstare</strong></span> <span class='ocrx_word' id='word_1_33' title='bbox 633 2087 695 2126; x_wconf 93' lang='lat' dir='ltr'><strong>non</strong></span> <span class='ocrx_word' id='word_1_34' title='bbox 715 2067 813 2143; x_wconf 88' lang='lat' dir='ltr'><strong>possit.</strong></span> <span class='ocrx_word' id='word_1_35' title='bbox 857 2067 920 2124; x_wconf 87' lang='lat' dir='ltr'><strong>Etsi</strong></span> <span class='ocrx_word' id='word_1_36' title='bbox 940 2067 1071 2142; x_wconf 87' lang='lat' dir='ltr'><strong>plurimis</strong></span> <span class='ocrx_word' id='word_1_37' title='bbox 1093 2068 1162 2126; x_wconf 87' lang='lat' dir='ltr'><strong>locis</strong></span> <span class='ocrx_word' id='word_1_38' title='bbox 1184 2079 1249 2128; x_wconf 88' lang='lat' dir='ltr'><strong>tan·</strong></span> 
     </span>
     <span class='ocr_line' id='line_1_7' title="bbox 154 2164 1250 2241; baseline 0.001 -18"><span class='ocrx_word' id='word_1_39' title='bbox 154 2175 216 2223; x_wconf 91' lang='lat' dir='ltr'><strong>turn</strong></span> <span class='ocrx_word' id='word_1_40' title='bbox 231 2184 397 2241; x_wconf 86' lang='lat' dir='ltr'>pronomen</span> <span class='ocrx_word' id='word_1_41' title='bbox 412 2166 676 2224; x_wconf 88' lang='lat' dir='ltr'><strong>demonstrativum</strong></span> <span class='ocrx_word' id='word_1_42' title='bbox 691 2164 871 2240; x_wconf 80' lang='lat' dir='ltr'><strong>opprimitur,</strong></span> <span class='ocrx_word' id='word_1_43' title='bbox 894 2173 994 2221; x_wconf 88' lang='lat' dir='ltr'><strong>tamen</strong></span> <span class='ocrx_word' id='word_1_44' title='bbox 1008 2166 1143 2222; x_wconf 91' lang='lat' dir='ltr'><strong>nonnulli</strong></span> <span class='ocrx_word' id='word_1_45' title='bbox 1164 2167 1250 2226; x_wconf 90' lang='lat' dir='ltr'><strong>huius</strong></span> 
     </span>
     <span class='ocr_line' id='line_1_8' title="bbox 152 2260 1249 2338; baseline 0.001 -19"><span class='ocrx_word' id='word_1_46' title='bbox 152 2263 267 2338; x_wconf 86' lang='lat' dir='ltr'><strong>generis</strong></span> <span class='ocrx_word' id='word_1_47' title='bbox 289 2262 345 2320; x_wconf 89' lang='lat' dir='ltr'><strong>loci</strong></span> <span class='ocrx_word' id='word_1_48' title='bbox 366 2262 459 2320; x_wconf 85' lang='lat' dir='ltr'><strong>laxius</strong></span> <span class='ocrx_word' id='word_1_49' title='bbox 481 2271 549 2320; x_wconf 90' lang='lat' dir='ltr'><strong>sunt</strong></span> <span class='ocrx_word' id='word_1_50' title='bbox 564 2262 689 2329; x_wconf 86' lang='lat' dir='ltr'><strong>formati,</strong></span> <span class='ocrx_word' id='word_1_51' title='bbox 712 2270 744 2318; x_wconf 91' lang='lat' dir='ltr'><strong>ut</strong></span> <span class='ocrx_word' id='word_1_52' title='bbox 765 2261 834 2318; x_wconf 87' lang='lat' dir='ltr'><strong>satis</strong></span> <span class='ocrx_word' id='word_1_53' title='bbox 855 2279 916 2317; x_wconf 92' lang='lat' dir='ltr'><strong>non</strong></span> <span class='ocrx_word' id='word_1_54' title='bbox 939 2260 974 2317; x_wconf 87' lang='lat' dir='ltr'><strong>sit</strong></span> <span class='ocrx_word' id='word_1_55' title='bbox 995 2280 1161 2335; x_wconf 83' lang='lat' dir='ltr'><strong>pronomen</strong></span> <span class='ocrx_word' id='word_1_56' title='bbox 1183 2273 1249 2320; x_wconf 89' lang='lat' dir='ltr'><strong>tan·</strong></span> 
     </span>
     <span class='ocr_line' id='line_1_9' title="bbox 153 2356 1248 2434; baseline 0 -18"><span class='ocrx_word' id='word_1_57' title='bbox 153 2369 216 2416; x_wconf 90' lang='lat' dir='ltr'><strong>tum</strong></span> <span class='ocrx_word' id='word_1_58' title='bbox 237 2359 365 2434; x_wconf 92' lang='lat' dir='ltr'><strong>suppleri</strong></span> <span class='ocrx_word' id='word_1_59' title='bbox 387 2359 467 2415; x_wconf 93' lang='lat' dir='ltr'><strong>velut</strong></span> <span class='ocrx_word' id='word_1_60' title='bbox 487 2359 518 2414; x_wconf 91' lang='lat' dir='ltr'>X</span> <span class='ocrx_word' id='word_1_61' title='bbox 540 2374 586 2431; x_wconf 80' lang='lat'><strong>32,</strong></span> <span class='ocrx_word' id='word_1_62' title='bbox 612 2357 663 2413; x_wconf 93' lang='lat' dir='ltr'><strong>ubi</strong></span> <span class='ocrx_word' id='word_1_63' title='bbox 685 2366 743 2414; x_wconf 90' lang='lat' dir='ltr'><strong>est:</strong></span> <span class='ocrx_word' id='word_1_64' title='bbox 778 2356 997 2432; x_wconf 78' lang='lat' dir='ltr'><strong>Cnrnz&#39;parinnt</strong></span> <span class='ocrx_word' id='word_1_65' title='bbox 1016 2359 1248 2432; x_wconf 83' lang='lat' dir='ltr'><strong>cumplurimum</strong></span> 
     </span>
     <span class='ocr_line' id='line_1_10' title="bbox 153 2452 1336 2530; baseline 0.003 -20"><span class='ocrx_word' id='word_1_66' title='bbox 153 2457 258 2530; x_wconf 86' lang='lat' dir='ltr'><strong>quinos,</strong></span> <span class='ocrx_word' id='word_1_67' title='bbox 280 2475 324 2510; x_wconf 87' lang='lat' dir='ltr'><strong>ore</strong></span> <span class='ocrx_word' id='word_1_68' title='bbox 344 2474 387 2511; x_wconf 87' lang='lat' dir='ltr'><strong>eos</strong></span> <span class='ocrx_word' id='word_1_69' title='bbox 401 2466 500 2529; x_wconf 83' lang='lat' dir='ltr'><strong>parere</strong></span> <span class='ocrx_word' id='word_1_70' title='bbox 520 2463 571 2510; x_wconf 79' lang='lat' dir='ltr'><strong>atet</strong></span> <span class='ocrx_word' id='word_1_71' title='bbox 590 2455 660 2510; x_wconf 72' lang='lat' dir='ltr'><strong>coire</strong></span> <span class='ocrx_word' id='word_1_72' title='bbox 674 2452 772 2528; x_wconf 80' lang='lat' dir='ltr'><strong>vulgrrs</strong></span> <span class='ocrx_word' id='word_1_73' title='bbox 792 2453 959 2521; x_wconf 59' lang='lat' dir='ltr'><strong>arbitratum</strong></span> <span class='ocrx_word' id='word_1_74' title='bbox 981 2453 1092 2528; x_wconf 81' lang='lat' dir='ltr'><strong>ideoque</strong></span> <span class='ocrx_word' id='word_1_75' title='bbox 1103 2456 1246 2529; x_wconf 78' lang='lat' dir='ltr'><strong>gravidas,</strong></span> <span class='ocrx_word' id='word_1_76' title='bbox 1334 2473 1336 2478; x_wconf 84' lang='grc'><strong>’</strong></span> 
     </span>
     <span class='ocr_line' id='line_1_11' title="bbox 151 2549 1248 2626; baseline 0.001 -17"><span class='ocrx_word' id='word_1_77' title='bbox 151 2554 179 2610; x_wconf 89' lang='lat' dir='ltr'><strong>si</strong></span> <span class='ocrx_word' id='word_1_78' title='bbox 197 2553 301 2609; x_wconf 75' lang='lat' dir='ltr'><strong>ederint</strong></span> <span class='ocrx_word' id='word_1_79' title='bbox 320 2552 462 2608; x_wconf 81' lang='lat' dir='ltr'><strong>coruinum</strong></span> <span class='ocrx_word' id='word_1_80' title='bbox 484 2571 577 2616; x_wconf 84' lang='lat' dir='ltr'><strong>onum,</strong></span> <span class='ocrx_word' id='word_1_81' title='bbox 597 2561 652 2626; x_wconf 87' lang='lat' dir='ltr'><strong>per</strong></span> <span class='ocrx_word' id='word_1_82' title='bbox 677 2569 706 2606; x_wconf 88' lang='lat' dir='ltr'><strong>os</strong></span> <span class='ocrx_word' id='word_1_83' title='bbox 729 2559 846 2626; x_wconf 79' lang='lat' dir='ltr'><strong>partum</strong></span> <span class='ocrx_word' id='word_1_84' title='bbox 876 2549 983 2606; x_wconf 79' lang='lat' dir='ltr'><strong>reddere</strong></span> <span class='ocrx_word' id='word_1_85' title='bbox 1010 2559 1091 2624; x_wconf 81' lang='lat' dir='ltr'><strong>atque</strong></span> <span class='ocrx_word' id='word_1_86' title='bbox 1112 2552 1141 2608; x_wconf 88' lang='lat' dir='ltr'><strong>in</strong></span> <span class='ocrx_word' id='word_1_87' title='bbox 1163 2561 1248 2610; x_wconf 83' lang='lat' dir='ltr'><strong>totum</strong></span> 
     </span>
     <span class='ocr_line' id='line_1_12' title="bbox 152 2647 1249 2725; baseline 0.001 -19"><span class='ocrx_word' id='word_1_88' title='bbox 152 2649 300 2725; x_wconf 69' lang='lat' dir='ltr'><strong>dff&#39;culter</strong></span> <span class='ocrx_word' id='word_1_89' title='bbox 310 2659 419 2724; x_wconf 88' lang='lat' dir='ltr'><strong>parere,</strong></span> <span class='ocrx_word' id='word_1_90' title='bbox 441 2650 469 2705; x_wconf 88' lang='lat' dir='ltr'><strong>si</strong></span> <span class='ocrx_word' id='word_1_91' title='bbox 479 2657 544 2706; x_wconf 89' lang='lat' dir='ltr'><strong>tecto</strong></span> <span class='ocrx_word' id='word_1_92' title='bbox 566 2649 728 2723; x_wconf 77' lang='lat' dir='ltr'><strong>inserantur,</strong></span> <span class='ocrx_word' id='word_1_93' title='bbox 751 2666 790 2705; x_wconf 92' lang='lat' dir='ltr'><strong>sc.</strong></span> <span class='ocrx_word' id='word_1_94' title='bbox 812 2647 899 2716; x_wconf 89' lang='lat' dir='ltr'><strong>corvi,</strong></span> <span class='ocrx_word' id='word_1_95' title='bbox 931 2649 1013 2722; x_wconf 92' lang='lat' dir='ltr'><strong>quod</strong></span> <span class='ocrx_word' id='word_1_96' title='bbox 1035 2648 1158 2705; x_wconf 89' lang='lat' dir='ltr'><strong>subiecti</strong></span> <span class='ocrx_word' id='word_1_97' title='bbox 1179 2652 1249 2707; x_wconf 92' lang='lat' dir='ltr'><strong>sub·</strong></span> 
     </span>
     <span class='ocr_line' id='line_1_13' title="bbox 152 2745 1249 2821; baseline 0.001 -17"><span class='ocrx_word' id='word_1_98' title='bbox 152 2747 312 2805; x_wconf 77' lang='lat' dir='ltr'><strong>stantiVurn</strong></span> <span class='ocrx_word' id='word_1_99' title='bbox 342 2765 513 2821; x_wconf 86' lang='lat' dir='ltr'><strong>expressum</strong></span> <span class='ocrx_word' id='word_1_100' title='bbox 544 2755 757 2820; x_wconf 84' lang='lat' dir='ltr'><strong>exspectamus,</strong></span> <span class='ocrx_word' id='word_1_101' title='bbox 793 2745 964 2820; x_wconf 87' lang='lat' dir='ltr'><strong>praesertim</strong></span> <span class='ocrx_word' id='word_1_102' title='bbox 995 2764 1062 2802; x_wconf 91' lang='lat' dir='ltr'><strong>cum</strong></span> <span class='ocrx_word' id='word_1_103' title='bbox 1093 2756 1180 2804; x_wconf 87' lang='lat' dir='ltr'><strong>antea</strong></span> <span class='ocrx_word' id='word_1_104' title='bbox 1211 2749 1249 2805; x_wconf 92' lang='lat' dir='ltr'><strong>de</strong></span> 
     </span>
     <span class='ocr_line' id='line_1_14' title="bbox 150 2841 1247 2918; baseline 0.002 -19"><span class='ocrx_word' id='word_1_105' title='bbox 150 2843 276 2918; x_wconf 89' lang='lat' dir='ltr'><strong>gravidis</strong></span> <span class='ocrx_word' id='word_1_106' title='bbox 308 2843 419 2918; x_wconf 88' lang='lat' dir='ltr'><strong>aliquid</strong></span> <span class='ocrx_word' id='word_1_107' title='bbox 450 2844 621 2917; x_wconf 87' lang='lat' dir='ltr'><strong>proferatur.</strong></span> <span class='ocrx_word' id='word_1_108' title='bbox 664 2841 755 2900; x_wconf 89' lang='lat' dir='ltr'><strong>Simili</strong></span> <span class='ocrx_word' id='word_1_109' title='bbox 786 2842 878 2898; x_wconf 91' lang='lat' dir='ltr'><strong>modo</strong></span> <span class='ocrx_word' id='word_1_110' title='bbox 909 2841 1038 2898; x_wconf 89' lang='lat' dir='ltr'><strong>insolens</strong></span> <span class='ocrx_word' id='word_1_111' title='bbox 1069 2852 1113 2899; x_wconf 91' lang='lat' dir='ltr'><strong>est</strong></span> <span class='ocrx_word' id='word_1_112' title='bbox 1143 2843 1173 2899; x_wconf 91' lang='lat' dir='ltr'>X</span> <span class='ocrx_word' id='word_1_113' title='bbox 1195 2861 1247 2916; x_wconf 78' lang='lat'><strong>40:</strong></span> 
     </span>
     <span class='ocr_line' id='line_1_15' title="bbox 152 2937 1249 3014; baseline -0.002 -17"><span class='ocrx_word' id='word_1_114' title='bbox 152 2940 227 2997; x_wconf 78' lang='lat' dir='ltr'><strong>Sient</strong></span> <span class='ocrx_word' id='word_1_115' title='bbox 245 2948 271 2994; x_wconf 89' lang='lat' dir='ltr'><strong>et</strong></span> <span class='ocrx_word' id='word_1_116' title='bbox 285 2950 394 3014; x_wconf 79' lang='lat' dir='ltr'><strong>pravae</strong></span> <span class='ocrx_word' id='word_1_117' title='bbox 414 2958 478 2995; x_wconf 82' lang='lat' dir='ltr'><strong>aves</strong></span> <span class='ocrx_word' id='word_1_118' title='bbox 499 2958 630 2994; x_wconf 87' lang='lat' dir='ltr'><strong>uncorum</strong></span> <span class='ocrx_word' id='word_1_119' title='bbox 654 2939 798 3012; x_wconf 79' lang='lat' dir='ltr'><strong>irrigui&#39;zem,</strong></span> <span class='ocrx_word' id='word_1_120' title='bbox 829 2946 860 2992; x_wconf 91' lang='lat' dir='ltr'><strong>nt</strong></span> <span class='ocrx_word' id='word_1_121' title='bbox 877 2938 942 3012; x_wconf 86' lang='lat' dir='ltr'><strong>pici</strong></span> <span class='ocrx_word' id='word_1_122' title='bbox 961 2937 1069 2993; x_wconf 87' lang='lat' dir='ltr'><strong>Martio</strong></span> <span class='ocrx_word' id='word_1_123' title='bbox 1090 2940 1249 3012; x_wconf 76' lang='lat' dir='ltr'><strong>cognonime</strong></span> 
     </span>
     <span class='ocr_line' id='line_1_16' title="bbox 152 3034 1247 3111; baseline 0.001 -19"><span class='ocrx_word' id='word_1_124' title='bbox 152 3036 273 3111; x_wconf 54' lang='lat' dir='ltr'><strong>insignes</strong></span> <span class='ocrx_word' id='word_1_125' title='bbox 293 3043 319 3091; x_wconf 91' lang='lat' dir='ltr'><strong>et</strong></span> <span class='ocrx_word' id='word_1_126' title='bbox 338 3036 368 3092; x_wconf 92' lang='lat' dir='ltr'><strong>in</strong></span> <span class='ocrx_word' id='word_1_127' title='bbox 383 3035 515 3110; x_wconf 85' lang='lat' dir='ltr'><strong>auspiciis</strong></span> <span class='ocrx_word' id='word_1_128' title='bbox 536 3036 640 3109; x_wconf 77' lang='lat' dir='ltr'><strong>magni.</strong></span> <span class='ocrx_word' id='word_1_129' title='bbox 683 3035 821 3110; x_wconf 86' lang='lat' dir='ltr'><strong>Sequitur</strong></span> <span class='ocrx_word' id='word_1_130' title='bbox 841 3034 952 3090; x_wconf 88' lang='lat' dir='ltr'><strong>deinde</strong></span> <span class='ocrx_word' id='word_1_131' title='bbox 972 3035 1098 3091; x_wconf 87' lang='lat' dir='ltr'><strong>multum</strong></span> <span class='ocrx_word' id='word_1_132' title='bbox 1113 3036 1151 3093; x_wconf 93' lang='lat' dir='ltr'><strong>de</strong></span> <span class='ocrx_word' id='word_1_133' title='bbox 1165 3037 1247 3111; x_wconf 88' lang='lat' dir='ltr'><strong>picis,</strong></span> 
     </span>
     <span class='ocr_line' id='line_1_17' title="bbox 151 3129 1247 3207; baseline 0.001 -18"><span class='ocrx_word' id='word_1_134' title='bbox 151 3132 282 3206; x_wconf 90' lang='lat' dir='ltr'><strong>denique</strong></span> <span class='ocrx_word' id='word_1_135' title='bbox 319 3131 456 3207; x_wconf 87' lang='lat' dir='ltr'><strong>legimus:</strong></span> <span class='ocrx_word' id='word_1_136' title='bbox 504 3131 617 3188; x_wconf 71' lang='lat' dir='ltr'><strong>Trebius</strong></span> <span class='ocrx_word' id='word_1_137' title='bbox 649 3140 746 3187; x_wconf 80' lang='lat' dir='ltr'><strong>auctor</strong></span> <span class='ocrx_word' id='word_1_138' title='bbox 776 3139 814 3186; x_wconf 88' lang='lat' dir='ltr'><strong>est</strong></span> <span class='ocrx_word' id='word_1_139' title='bbox 850 3129 959 3186; x_wconf 82' lang='lat' dir='ltr'><strong>clavum</strong></span> <span class='ocrx_word' id='word_1_140' title='bbox 995 3151 1247 3206; x_wconf 83' lang='lat' dir='ltr'><strong>cuneumque...</strong></span> 
     </span>
     <span class='ocr_line' id='line_1_18' title="bbox 149 3228 1248 3307; baseline 0.004 -23"><span class='ocrx_word' id='word_1_141' title='bbox 149 3230 243 3285; x_wconf 87' lang='lat' dir='ltr'><strong>statim</strong></span> <span class='ocrx_word' id='word_1_142' title='bbox 265 3228 401 3286; x_wconf 70' lang='lat' dir='ltr'><strong>exsilire.</strong></span> <span class='ocrx_word' id='word_1_143' title='bbox 425 3275 430 3285; x_wconf 95' lang='lat'>.</span> <span class='ocrx_word' id='word_1_144' title='bbox 454 3274 459 3286; x_wconf 88' lang='lat'><strong>.</strong></span> <span class='ocrx_word' id='word_1_145' title='bbox 482 3249 543 3285; x_wconf 87' lang='lat' dir='ltr'><strong>cum</strong></span> <span class='ocrx_word' id='word_1_146' title='bbox 565 3229 693 3286; x_wconf 83' lang='lat' dir='ltr'><strong>insederit</strong></span> <span class='ocrx_word' id='word_1_147' title='bbox 714 3228 791 3286; x_wconf 82' lang='lat' dir='ltr'><strong>clano</strong></span> <span class='ocrx_word' id='word_1_148' title='bbox 813 3238 864 3284; x_wconf 82' lang='lat' dir='ltr'><strong>aut</strong></span> <span class='ocrx_word' id='word_1_149' title='bbox 883 3249 966 3285; x_wconf 86' lang='lat' dir='ltr'><strong>cuneo</strong></span> <span class='ocrx_word' id='word_1_150' title='bbox 987 3247 1026 3286; x_wconf 89' lang='lat' dir='ltr'><strong>sc.</strong></span> <span class='ocrx_word' id='word_1_151' title='bbox 1049 3231 1138 3305; x_wconf 82' lang='lat' dir='ltr'><strong>picuS,</strong></span> <span class='ocrx_word' id='word_1_152' title='bbox 1166 3232 1248 3307; x_wconf 91' lang='lat' dir='ltr'><strong>quod</strong></span> 
     </span>
     <span class='ocr_line' id='line_1_19' title="bbox 149 3325 1247 3403; baseline 0.003 -22"><span class='ocrx_word' id='word_1_153' title='bbox 149 3325 327 3383; x_wconf 89' lang='lat' dir='ltr'><strong>vocabulum</strong></span> <span class='ocrx_word' id='word_1_154' title='bbox 349 3334 562 3401; x_wconf 85' lang='lat' dir='ltr'><strong>exspectamus,</strong></span> <span class='ocrx_word' id='word_1_155' title='bbox 586 3327 655 3403; x_wconf 91' lang='lat' dir='ltr'><strong>quia</strong></span> <span class='ocrx_word' id='word_1_156' title='bbox 676 3336 764 3384; x_wconf 88' lang='lat' dir='ltr'><strong>antea</strong></span> <span class='ocrx_word' id='word_1_157' title='bbox 785 3328 824 3383; x_wconf 89' lang='lat' dir='ltr'><strong>de</strong></span> <span class='ocrx_word' id='word_1_158' title='bbox 845 3326 925 3402; x_wconf 90' lang='lat' dir='ltr'><strong>picis,</strong></span> <span class='ocrx_word' id='word_1_159' title='bbox 947 3345 1027 3384; x_wconf 90' lang='lat' dir='ltr'><strong>nunc</strong></span> <span class='ocrx_word' id='word_1_160' title='bbox 1048 3328 1087 3384; x_wconf 90' lang='lat' dir='ltr'><strong>de</strong></span> <span class='ocrx_word' id='word_1_161' title='bbox 1107 3328 1174 3402; x_wconf 94' lang='lat' dir='ltr'><strong>pico</strong></span> <span class='ocrx_word' id='word_1_162' title='bbox 1196 3328 1247 3385; x_wconf 88' lang='lat' dir='ltr'><strong>ali-</strong></span> 
     </span>
     <span class='ocr_line' id='line_1_20' title="bbox 151 3423 1249 3500; baseline 0.002 -21"><span class='ocrx_word' id='word_1_163' title='bbox 151 3423 223 3499; x_wconf 93' lang='lat' dir='ltr'><strong>quid</strong></span> <span class='ocrx_word' id='word_1_164' title='bbox 253 3432 392 3480; x_wconf 81' lang='lat' dir='ltr'><strong>narratur.</strong></span> <span class='ocrx_word' id='word_1_165' title='bbox 435 3423 521 3480; x_wconf 87' lang='lat' dir='ltr'><strong>Idem</strong></span> <span class='ocrx_word' id='word_1_166' title='bbox 553 3432 597 3481; x_wconf 90' lang='lat' dir='ltr'><strong>est</strong></span> <span class='ocrx_word' id='word_1_167' title='bbox 618 3423 697 3481; x_wconf 90' lang='lat' dir='ltr'>XIII</span> <span class='ocrx_word' id='word_1_168' title='bbox 720 3441 771 3499; x_wconf 78' lang='lat'><strong>91:</strong></span> <span class='ocrx_word' id='word_1_169' title='bbox 803 3425 924 3498; x_wconf 76' lang='lat' dir='ltr'><strong>confines</strong></span> <span class='ocrx_word' id='word_1_170' title='bbox 953 3425 981 3481; x_wconf 89' lang='lat' dir='ltr'><strong>ei</strong></span> <span class='ocrx_word' id='word_1_171' title='bbox 1007 3424 1118 3491; x_wconf 82' lang='lat' dir='ltr'><strong>Mauri,</strong></span> <span class='ocrx_word' id='word_1_172' title='bbox 1150 3426 1249 3500; x_wconf 80' lang='lat' dir='ltr'><strong>qiei&#39;bns</strong></span> 
     </span>
     <span class='ocr_line' id='line_1_21' title="bbox 144 3518 1247 3597; baseline 0.005 -22"><span class='ocrx_word' id='word_1_173' title='bbox 144 3518 272 3594; x_wconf 82' lang='lat' dir='ltr'><strong>plurima</strong></span> <span class='ocrx_word' id='word_1_174' title='bbox 293 3520 377 3576; x_wconf 84' lang='lat' dir='ltr'><strong>arbor</strong></span> <span class='ocrx_word' id='word_1_175' title='bbox 395 3521 461 3577; x_wconf 80' lang='lat' dir='ltr'><strong>citri</strong></span> <span class='ocrx_word' id='word_1_176' title='bbox 478 3529 504 3577; x_wconf 89' lang='lat' dir='ltr'><strong>et</strong></span> <span class='ocrx_word' id='word_1_177' title='bbox 524 3540 681 3578; x_wconf 85' lang='lat' dir='ltr'><strong>mensarum</strong></span> <span class='ocrx_word' id='word_1_178' title='bbox 704 3522 825 3590; x_wconf 83' lang='lat' dir='ltr'><strong>insania,</strong></span> <span class='ocrx_word' id='word_1_179' title='bbox 849 3542 918 3597; x_wconf 83' lang='lat' dir='ltr'><strong>quas</strong></span> <span class='ocrx_word' id='word_1_180' title='bbox 929 3522 1057 3596; x_wconf 84' lang='lat' dir='ltr'><strong>feminae</strong></span> <span class='ocrx_word' id='word_1_181' title='bbox 1071 3523 1139 3578; x_wconf 81' lang='lat' dir='ltr'><strong>ni&#39;n&#39;s</strong></span> <span class='ocrx_word' id='word_1_182' title='bbox 1153 3538 1247 3580; x_wconf 85' lang='lat' dir='ltr'><strong>contra</strong></span> 
     </span>
     <span class='ocr_line' id='line_1_22' title="bbox 150 3616 1246 3692; baseline 0.005 -21"><span class='ocrx_word' id='word_1_183' title='bbox 150 3616 318 3691; x_wconf 78' lang='lat' dir='ltr'><strong>margaritas</strong></span> <span class='ocrx_word' id='word_1_184' title='bbox 333 3626 464 3692; x_wconf 75' lang='lat' dir='ltr'><strong>regerent.</strong></span> <span class='ocrx_word' id='word_1_185' title='bbox 495 3619 602 3674; x_wconf 82' lang='lat' dir='ltr'><strong>Exstat</strong></span> <span class='ocrx_word' id='word_1_186' title='bbox 615 3618 695 3674; x_wconf 83' lang='lat' dir='ltr'><strong>liodie</strong></span> <span class='ocrx_word' id='word_1_187' title='bbox 709 3617 752 3675; x_wconf 89' lang='lat' dir='ltr'><strong>M.</strong></span> <span class='ocrx_word' id='word_1_188' title='bbox 774 3617 906 3675; x_wconf 81' lang='lat' dir='ltr'><strong>Ciceroni.</strong></span> <span class='ocrx_word' id='word_1_189' title='bbox 936 3618 1027 3692; x_wconf 87' lang='lat' dir='ltr'><strong>quid?</strong></span> <span class='ocrx_word' id='word_1_190' title='bbox 1049 3618 1113 3676; x_wconf 87' lang='lat' dir='ltr'><strong>talis</strong></span> <span class='ocrx_word' id='word_1_191' title='bbox 1135 3639 1246 3688; x_wconf 88' lang='lat' dir='ltr'><strong>mensa,</strong></span> 
     </span>
     <span class='ocr_line' id='line_1_23' title="bbox 150 3714 1246 3788; baseline 0.005 -20"><span class='ocrx_word' id='word_1_192' title='bbox 150 3714 233 3788; x_wconf 93' lang='lat' dir='ltr'><strong>quod</strong></span> <span class='ocrx_word' id='word_1_193' title='bbox 247 3714 424 3770; x_wconf 90' lang='lat' dir='ltr'><strong>vocabulum</strong></span> <span class='ocrx_word' id='word_1_194' title='bbox 439 3733 501 3772; x_wconf 92' lang='lat' dir='ltr'><strong>non</strong></span> <span class='ocrx_word' id='word_1_195' title='bbox 515 3715 579 3772; x_wconf 90' lang='lat' dir='ltr'><strong>sine</strong></span> <span class='ocrx_word' id='word_1_196' title='bbox 594 3715 699 3772; x_wconf 88' lang='lat' dir='ltr'><strong>duritia</strong></span> <span class='ocrx_word' id='word_1_197' title='bbox 720 3715 883 3772; x_wconf 86' lang='lat' dir='ltr'><strong>sententiae</strong></span> <span class='ocrx_word' id='word_1_198' title='bbox 899 3714 1009 3788; x_wconf 86' lang='lat' dir='ltr'><strong>expleri</strong></span> <span class='ocrx_word' id='word_1_199' title='bbox 1030 3715 1120 3771; x_wconf 87' lang='lat' dir='ltr'><strong>debet</strong></span> <span class='ocrx_word' id='word_1_200' title='bbox 1142 3735 1158 3772; x_wconf 93' lang='lat' dir='ltr'><strong>e</strong></span> <span class='ocrx_word' id='word_1_201' title='bbox 1180 3735 1246 3773; x_wconf 92' lang='lat' dir='ltr'><strong>sen-</strong></span> 
     </span>
     <span class='ocr_line' id='line_1_24' title="bbox 148 3810 1247 3884; baseline 0.002 -18"><span class='ocrx_word' id='word_1_202' title='bbox 148 3810 305 3866; x_wconf 88' lang='lat' dir='ltr'><strong>tentiarum</strong></span> <span class='ocrx_word' id='word_1_203' title='bbox 327 3829 450 3868; x_wconf 89' lang='lat' dir='ltr'><strong>conexu.</strong></span> <span class='ocrx_word' id='word_1_204' title='bbox 493 3811 593 3883; x_wconf 87' lang='lat' dir='ltr'><strong>Quam</strong></span> <span class='ocrx_word' id='word_1_205' title='bbox 612 3811 677 3867; x_wconf 90' lang='lat' dir='ltr'><strong>duri</strong></span> <span class='ocrx_word' id='word_1_206' title='bbox 698 3811 757 3868; x_wconf 91' lang='lat' dir='ltr'><strong>sint</strong></span> <span class='ocrx_word' id='word_1_207' title='bbox 777 3811 851 3867; x_wconf 88' lang='lat' dir='ltr'><strong>tales</strong></span> <span class='ocrx_word' id='word_1_208' title='bbox 873 3810 936 3877; x_wconf 89' lang='lat' dir='ltr'><strong>loci,</strong></span> <span class='ocrx_word' id='word_1_209' title='bbox 959 3810 1048 3884; x_wconf 89' lang='lat' dir='ltr'><strong>plane</strong></span> <span class='ocrx_word' id='word_1_210' title='bbox 1069 3811 1202 3880; x_wconf 87' lang='lat' dir='ltr'><strong>elucebit,</strong></span> <span class='ocrx_word' id='word_1_211' title='bbox 1224 3813 1247 3870; x_wconf 92' lang='lat' dir='ltr'><strong>si</strong></span> 
     </span>
     <span class='ocr_line' id='line_1_25' title="bbox 148 3906 1247 3981; baseline 0.001 -18"><span class='ocrx_word' id='word_1_212' title='bbox 148 3906 357 3964; x_wconf 86' lang='lat' dir='ltr'><strong>contulerimus</strong></span> <span class='ocrx_word' id='word_1_213' title='bbox 387 3925 455 3963; x_wconf 91' lang='lat' dir='ltr'><strong>cum</strong></span> <span class='ocrx_word' id='word_1_214' title='bbox 485 3907 530 3964; x_wconf 90' lang='lat' dir='ltr'><strong>his</strong></span> <span class='ocrx_word' id='word_1_215' title='bbox 560 3907 630 3964; x_wconf 89' lang='lat' dir='ltr'><strong>locis</strong></span> <span class='ocrx_word' id='word_1_216' title='bbox 659 3906 806 3981; x_wconf 86' lang='lat' dir='ltr'><strong>quoslibet</strong></span> <span class='ocrx_word' id='word_1_217' title='bbox 828 3906 1045 3965; x_wconf 81' lang='lat' dir='ltr'><strong>Ciceronianos</strong></span> <span class='ocrx_word' id='word_1_218' title='bbox 1076 3908 1111 3964; x_wconf 86' lang='lat' dir='ltr'><strong>cl.</strong></span> <span class='ocrx_word' id='word_1_219' title='bbox 1134 3908 1193 3965; x_wconf 92' lang='lat' dir='ltr'><strong>Cic.</strong></span> <span class='ocrx_word' id='word_1_220' title='bbox 1216 3909 1247 3964; x_wconf 92' lang='lat' dir='ltr'><strong>in</strong></span> 
     </span>
     <span class='ocr_line' id='line_1_26' title="bbox 148 4001 1247 4080; baseline 0.005 -23"><span class='ocrx_word' id='word_1_221' title='bbox 148 4001 230 4058; x_wconf 89' lang='lat' dir='ltr'><strong>Verr.</strong></span> <span class='ocrx_word' id='word_1_222' title='bbox 246 4011 301 4059; x_wconf 91' lang='lat' dir='ltr'><strong>act.</strong></span> <span class='ocrx_word' id='word_1_223' title='bbox 324 4002 355 4059; x_wconf 92' lang='lat' dir='ltr'><strong>II</strong></span> <span class='ocrx_word' id='word_1_224' title='bbox 381 4019 404 4071; x_wconf 93' lang='lat'><strong>1,</strong></span> <span class='ocrx_word' id='word_1_225' title='bbox 421 4018 446 4072; x_wconf 90' lang='lat'><strong>2,</strong></span> <span class='ocrx_word' id='word_1_226' title='bbox 469 4003 519 4078; x_wconf 91' lang='lat' dir='ltr'><strong>qui</strong></span> <span class='ocrx_word' id='word_1_227' title='bbox 534 4003 615 4061; x_wconf 92' lang='lat' dir='ltr'><strong>locus</strong></span> <span class='ocrx_word' id='word_1_228' title='bbox 630 4021 700 4060; x_wconf 89' lang='lat' dir='ltr'><strong>casu</strong></span> <span class='ocrx_word' id='word_1_229' title='bbox 715 4012 784 4060; x_wconf 90' lang='lat' dir='ltr'><strong>ante</strong></span> <span class='ocrx_word' id='word_1_230' title='bbox 798 4003 900 4060; x_wconf 91' lang='lat' dir='ltr'><strong>oculos</strong></span> <span class='ocrx_word' id='word_1_231' title='bbox 916 4003 987 4059; x_wconf 89' lang='lat' dir='ltr'><strong>mihi</strong></span> <span class='ocrx_word' id='word_1_232' title='bbox 1001 4012 1054 4072; x_wconf 81' lang='lat' dir='ltr'><strong>est,</strong></span> <span class='ocrx_word' id='word_1_233' title='bbox 1071 4022 1131 4080; x_wconf 90' lang='lat' dir='ltr'><strong>quo</strong></span> <span class='ocrx_word' id='word_1_234' title='bbox 1142 4005 1247 4062; x_wconf 92' lang='lat' dir='ltr'><strong>Cicero</strong></span> 
     </span>
     <span class='ocr_line' id='line_1_27' title="bbox 147 4097 1246 4176; baseline 0.004 -22"><span class='ocrx_word' id='word_1_235' title='bbox 147 4097 295 4155; x_wconf 92' lang='lat' dir='ltr'><strong>locuturus</strong></span> <span class='ocrx_word' id='word_1_236' title='bbox 317 4098 355 4155; x_wconf 88' lang='lat' dir='ltr'><strong>de</strong></span> <span class='ocrx_word' id='word_1_237' title='bbox 376 4099 517 4174; x_wconf 85' lang='lat' dir='ltr'><strong>dignitate</strong></span> <span class='ocrx_word' id='word_1_238' title='bbox 538 4099 652 4157; x_wconf 82' lang='lat' dir='ltr'><strong>Siciliae</strong></span> <span class='ocrx_word' id='word_1_239' title='bbox 673 4100 718 4157; x_wconf 89' lang='lat' dir='ltr'><strong>his</strong></span> <span class='ocrx_word' id='word_1_240' title='bbox 739 4100 832 4176; x_wconf 87' lang='lat' dir='ltr'><strong>pergit</strong></span> <span class='ocrx_word' id='word_1_241' title='bbox 854 4101 960 4157; x_wconf 88' lang='lat' dir='ltr'><strong>verbis:</strong></span> <span class='ocrx_word' id='word_1_242' title='bbox 984 4121 1050 4157; x_wconf 88' lang='lat' dir='ltr'><strong>nam</strong></span> <span class='ocrx_word' id='word_1_243' title='bbox 1072 4120 1134 4157; x_wconf 87' lang='lat' dir='ltr'><strong>cum</strong></span> <span class='ocrx_word' id='word_1_244' title='bbox 1156 4103 1246 4158; x_wconf 88' lang='lat' dir='ltr'><strong>omni·</strong></span> 
     </span>
     <span class='ocr_line' id='line_1_28' title="bbox 149 4195 1245 4273; baseline 0.006 -25"><span class='ocrx_word' id='word_1_245' title='bbox 149 4212 195 4248; x_wconf 88' lang='lat' dir='ltr'><strong>um</strong></span> <span class='ocrx_word' id='word_1_246' title='bbox 224 4195 357 4251; x_wconf 72' lang='lat' dir='ltr'><strong>socierum</strong></span> <span class='ocrx_word' id='word_1_247' title='bbox 381 4197 647 4272; x_wconf 79' lang='lat' dir='ltr'><strong>provinciarumque</strong></span> <span class='ocrx_word' id='word_1_248' title='bbox 677 4199 810 4254; x_wconf 84' lang='lat' dir='ltr'><strong>rationem</strong></span> <span class='ocrx_word' id='word_1_249' title='bbox 842 4197 987 4273; x_wconf 81' lang='lat' dir='ltr'><strong>diligenter</strong></span> <span class='ocrx_word' id='word_1_250' title='bbox 1015 4197 1112 4254; x_wconf 80' lang='lat' dir='ltr'><strong>babere</strong></span> <span class='ocrx_word' id='word_1_251' title='bbox 1140 4198 1245 4268; x_wconf 76' lang='lat' dir='ltr'><strong>debetis,</strong></span> 
     </span>
     <span class='ocr_line' id='line_1_29' title="bbox 148 4293 1244 4371; baseline 0.005 -25"><span class='ocrx_word' id='word_1_252' title='bbox 148 4299 206 4347; x_wconf 87' lang='lat' dir='ltr'><strong>tum</strong></span> <span class='ocrx_word' id='word_1_253' title='bbox 220 4294 370 4368; x_wconf 81' lang='lat' dir='ltr'><strong>praecipue</strong></span> <span class='ocrx_word' id='word_1_254' title='bbox 390 4293 513 4360; x_wconf 84' lang='lat' dir='ltr'><strong>Siciliae,</strong></span> <span class='ocrx_word' id='word_1_255' title='bbox 546 4295 655 4364; x_wconf 80' lang='lat' dir='ltr'><strong>iudicer,</strong></span> <span class='ocrx_word' id='word_1_256' title='bbox 679 4295 814 4371; x_wconf 80' lang='lat' dir='ltr'><strong>plurimis</strong></span> <span class='ocrx_word' id='word_1_257' title='bbox 849 4295 1058 4369; x_wconf 75' lang='lat' dir='ltr'><strong>iustissimisque</strong></span> <span class='ocrx_word' id='word_1_258' title='bbox 1087 4296 1119 4350; x_wconf 88' lang='lat' dir='ltr'><strong>de</strong></span> <span class='ocrx_word' id='word_1_259' title='bbox 1145 4297 1244 4365; x_wconf 77' lang='lat' dir='ltr'><strong>censis,</strong></span> 
     </span>
     <span class='ocr_line' id='line_1_30' title="bbox 139 4389 1251 4469; baseline 0.005 -25"><span class='ocrx_word' id='word_1_260' title='bbox 139 4389 267 4465; x_wconf 81' lang='lat' dir='ltr'><strong>primum</strong></span> <span class='ocrx_word' id='word_1_261' title='bbox 288 4391 505 4464; x_wconf 85' lang='lat' dir='ltr'><strong>quodomnium</strong></span> <span class='ocrx_word' id='word_1_262' title='bbox 528 4396 672 4450; x_wconf 70' lang='lat' dir='ltr'><strong>nationum</strong></span> <span class='ocrx_word' id='word_1_263' title='bbox 694 4403 870 4450; x_wconf 76' lang='lat' dir='ltr'><strong>externarum</strong></span> <span class='ocrx_word' id='word_1_264' title='bbox 885 4392 1015 4469; x_wconf 74' lang='lat' dir='ltr'><strong>princeps</strong></span> <span class='ocrx_word' id='word_1_265' title='bbox 1038 4391 1139 4450; x_wconf 83' lang='lat' dir='ltr'><strong>Sicilia</strong></span> <span class='ocrx_word' id='word_1_266' title='bbox 1158 4412 1186 4448; x_wconf 88' lang='lat' dir='ltr'><strong>se</strong></span> <span class='ocrx_word' id='word_1_267' title='bbox 1208 4394 1251 4450; x_wconf 88' lang='lat' dir='ltr'><strong>ad</strong></span> 
     </span>
    </p>
   </div>
   <div class='ocr_carea' id='block_1_5' title="bbox 0 0 1598 5212">
    <p class='ocr_par' dir='ltr' id='par_1_5' title="bbox 0 0 1598 5212">
     <span class='ocr_line' id='line_1_31' title="bbox 0 0 1598 5212; baseline 0 5"><span class='ocrx_word' id='word_1_268' title='bbox 0 0 1598 5212; x_wconf 95' lang='lat' dir='ltr'><strong> </strong></span> 
     </span>
    </p>
   </div>
  </div>
 </body>
</html>
