3188 5212
735 777 766 856 a)
788 780 832 840 ab
853 781 1082 851 accusativo,

358 973 426 1014 cum
448 953 619 1013 nominativi
641 955 754 1014 tonnae
784 973 823 1013 ne
850 973 942 1013 unum
973 955 1095 1032 quidem
1125 957 1294 1034 exemplum
1332 957 1481 1016 invenire

359 1050 518 1128 potuerim
539 1059 670 1112 attamen
678 1070 717 1110 ne
725 1051 909 1110 accusativus
916 1071 1007 1129 purus
1021 1053 1144 1130 quidem
1151 1054 1211 1112 ullo
1220 1054 1288 1114 loco
1295 1075 1357 1114 me
1375 1055 1481 1112 iudice

359 1157 462 1220 exstat,
484 1149 538 1208 sed
552 1167 670 1226 semper
684 1149 837 1226 dependet
858 1169 895 1208 ex
915 1151 1191 1226 praepositionibus,
1218 1151 1249 1209 id
1271 1154 1367 1229 quod
1393 1153 1481 1227 apud

358 1246 496 1304 classicos
516 1265 638 1322 quoque
659 1247 814 1323 scriptores
835 1247 984 1306 observari
1004 1256 1110 1324 potest,
1142 1269 1210 1307 cum
1234 1251 1379 1327 exceptis
1404 1250 1480 1307 sub·

358 1343 490 1402 stantivis
528 1343 680 1402 abstractis
720 1344 889 1420 philosophi
927 1344 1071 1404 sermonis
1100 1347 1295 1418 honestum,
1327 1349 1478 1414 bonum,

359 1441 461 1510 utile,
493 1441 622 1498 iustum
652 1441 775 1517 aliisque
803 1441 832 1498 in
855 1441 1028 1502 nominativi
1058 1451 1088 1500 et
1116 1445 1273 1502 accusativi
1304 1444 1477 1522 singularis

358 1539 453 1597 forma
467 1536 612 1596 rarissime
626 1537 772 1596 adiectiva
785 1537 848 1596 sine
862 1537 1128 1614 praepositionibus
1142 1541 1325 1601 substantive
1341 1560 1475 1619 ponan-

358 1645 411 1694 tur.
442 1635 560 1695 Tamen
581 1643 697 1693 exstant
717 1634 862 1693 nonnulla
882 1635 1019 1710 exempla
1040 1634 1243 1696 Ciceroniana.
1277 1641 1314 1698 cf.
1336 1641 1386 1697 de
1411 1649 1472 1695 nat.

358 1734 440 1790 deor.
475 1749 497 1800 1,
524 1749 547 1803 1,
573 1747 583 1789 1
609 1732 719 1806 salsum
740 1732 857 1800 sentire,·
887 1732 917 1789 in
938 1731 1020 1790 Verr.
1042 1750 1069 1805 4,
1092 1733 1138 1802 28,
1160 1731 1199 1806 64
1226 1756 1301 1792 nrrnc
1322 1736 1472 1812 reliquum

357 1831 507 1899 attendite,·
528 1848 583 1906 pro
602 1829 635 1888 C.
652 1829 726 1888 Rab.
742 1830 820 1888 Post.
840 1845 883 1900 10,
906 1846 944 1906 29
958 1829 1035 1887 m‘til
1044 1831 1103 1887 nisi
1112 1833 1306 1907 sempeternum
1319 1843 1473 1910 φαίη·

357 1937 448 2004 atque
468 1926 549 1984 idem
570 1925 675 1985 Cicero
705 1926 776 1984 dicit
805 1926 939 1984 oratione
960 1927 1167 2004 philosophica
1197 1939 1318 1989 coactus
1340 1931 1417 1988 Div.
1443 1945 1468 1996 2,

359 2039 405 2100 50,
431 2040 484 2098 103
507 2024 584 2100 quod
601 2025 630 2080 in
653 2043 742 2080 rerum
764 2032 867 2080 natura
886 2044 966 2080 omne
985 2044 1038 2080 esse
1052 2025 1178 2091 dr'cimus,
1202 2027 1237 2083 id
1246 2028 1397 2102 infinitum
1422 2035 1468 2082 est.

358 2122 507 2180 Necnon
528 2128 643 2178 exstare
665 2120 744 2177 hunc
765 2138 851 2179 usum
872 2121 954 2196 apud
975 2119 1091 2179 Livium
1112 2123 1299 2199 cognoscitur
1321 2125 1393 2183 loco
1417 2121 1465 2187 28,

359 2233 405 2294 27,
426 2217 477 2276 ubi
497 2217 638 2293 scriptum
659 2216 808 2275 videmus:
832 2227 885 2274 aut
903 2217 1085 2292 tranquillum
1107 2229 1158 2275 aut
1169 2220 1307 2295 procellae
1329 2222 1359 2279 in
1384 2220 1467 2278 vobis

357 2324 431 2382 sunt,
463 2333 524 2392 quo
544 2323 646 2373 tamen
671 2315 738 2373 loco
761 2314 993 2391 tranquillum
1022 2334 1086 2373 non
1115 2317 1297 2376 substantive
1316 2320 1462 2394 positum,

358 2415 412 2474 sed
453 2414 552 2490 potius
597 2413 812 2473 substantivum
855 2433 951 2471 mare
991 2413 1133 2472 omissum
1177 2415 1262 2473 facile
1304 2417 1464 2493 suppletur

357 2522 478 2588 propter
506 2529 636 2590 sequeus
666 2512 843 2571 vocabulum
863 2511 1019 2588 procellae,
1049 2511 1132 2572 cuius
1161 2513 1244 2571 notio
1273 2514 1347 2572 mari
1377 2521 1460 2572 certe

357 2610 454 2668 allinis
475 2619 534 2684 est;
565 2610 658 2667 immo
688 2628 758 2668 vero
782 2609 927 2668 rarissime
958 2618 1089 2667 versatur
1117 2611 1149 2666 in
1170 2610 1228 2668 hoc
1249 2629 1305 2670 usu
1325 2611 1459 2678 Tacitus

358 2705 408 2781 qui
437 2705 509 2764 alias
539 2705 685 2764 uberrime
706 2706 885 2764 adiectivum
906 2706 1156 2765 substantivorum
1179 2708 1246 2766 loco
1267 2719 1397 2784 usurpat,
1421 2725 1458 2765 ex

358 2803 466 2879 quibus
486 2803 599 2878 scriptis
619 2803 762 2861 nonnulla
792 2805 885 2862 modo
915 2803 1027 2861 invenit
1048 2805 1185 2879 exempla
1206 2805 1263 2863 Th.
1286 2803 1457 2880 Panhotr1).

357 2899 435 2977 Ergo
457 2918 474 2958 a
496 2899 590 2960 Plinio
611 2901 794 2960 accusativus
808 2899 1021 2960 adiectivorum
1042 2919 1105 2959 non
1125 2902 1180 2960 nisi
1202 2903 1456 2979 apraepositione

357 2999 532 3074 dependens
554 3006 710 3076 usurpatur
730 3001 920 3070 substantive,
952 3018 1043 3076 quam
1067 2999 1186 3058 dicendi
1208 3002 1455 3059 consuetudinem

357 3096 415 3154 iam
437 3097 627 3156 observamus
650 3098 731 3174 apud
753 3097 937 3167 Ciceronem,
967 3097 1084 3173 saepius
1114 3097 1184 3155 inde
1205 3116 1223 3156 a
1244 3097 1342 3168 Livio,
1372 3097 1455 3156 cuius

356 3192 398 3250 rei
419 3193 448 3250 in
469 3195 661 3271 sequentibus
682 3193 755 3250 mihi
773 3194 858 3252 liceat
873 3194 1013 3269 escriptis
1035 3194 1173 3252 Plinianis
1194 3195 1300 3252 allerre
1320 3194 1456 3270 exempla
1561 3231 1563 3251 .

357 3289 396 3346 ita
426 3298 458 3347 ut
487 3308 671 3368 unoquoque
692 3290 767 3358 loc0,
799 3298 945 3365 quatenus
966 3291 1238 3349 animadvertamus
1261 3311 1348 3350 usum
1370 3292 1454 3352 Cice·

356 3383 512 3446 ronianum
533 3387 580 3445 vel
594 3386 759 3455 Livianum,
781 3386 991 3446 demonstrem.
1024 3389 1126 3448 Liceat
1140 3390 1271 3466 denique
1285 3391 1357 3448 mihi
1372 3409 1454 3448 com·

356 3501 521 3542 memorare
535 3481 681 3541 adiectiva
695 3483 845 3541 secundae
859 3485 1064 3549 declinationis
1079 3505 1097 3545 a
1112 3487 1207 3545 Plinio
1225 3505 1348 3564 quoque
1361 3488 1453 3544 multo

356 3580 472 3656 saepius
493 3579 668 3639 substantivi
697 3580 764 3638 loco
794 3583 927 3658 usurpari
959 3601 1049 3660 quam
1077 3585 1180 3642 tertiae
1208 3603 1305 3661 aeque
1326 3594 1414 3661 atque
1436 3603 1455 3642 a

355 3675 543 3753 scriptoribus
566 3676 701 3748 classicis,
732 3685 764 3735 ut
793 3688 872 3737 recte
893 3678 1148 3756 Naegelsbachius
1178 3681 1323 3740 adiectiva
1352 3681 1454 3739 tertiae

356 3775 559 3836 declinationis
588 3779 771 3839 substantive
800 3781 898 3856 posita
927 3782 966 3839 ad
997 3780 1153 3840 audaciam
1184 3781 1301 3856 linguae
1331 3779 1454 3838 Latinae

356 3873 504 3931 rettulerit.
546 3873 591 3933 Ex
613 3877 763 3936 adiectivis
784 3879 935 3937 secundae
957 3877 1162 3936 declinationis
1184 3877 1258 3935 haec
1280 3877 1454 3936 substantivi

356 3969 420 4027 vice
440 3970 601 4046 funguntur
631 3975 712 4049 apud
735 3975 868 4044 Plinium,
901 3993 978 4051 quae
999 3975 1196 4034 Ciceroniano
1224 3975 1289 4032 usui
1316 3973 1453 4049 propiora

356 4076 425 4125 sunt
444 4067 604 4144 locumque
624 4069 804 4145 significant:

364 4372 368 4379 ·
409 4385 412 4392 ·
466 4341 767 4418 1)cl.Tli.Pauhoffii:
797 4353 838 4401 De
857 4352 967 4402 neutrius
986 4354 1083 4415 generis
1102 4354 1278 4404 adiectivorum
1298 4353 1451 4406 substantivo

355 4456 402 4497 usu
420 4441 486 4508 apud
505 4441 627 4508 Tacitum,
646 4440 727 4489 Halae
749 4441 825 4503 1883.
