3188 5212
797 374 969 422 ...26-

340 544 420 612 tute,
443 553 495 602 ant
513 544 641 612 externis,
657 544 742 600 emmo
756 542 891 609 barbani,
908 563 968 620 quo
987 543 1054 603 loco
1069 562 1105 602 ea
1120 563 1241 621 quoque
1263 565 1293 604 re
1325 546 1474 604 effertur

339 643 518 702 vocabulum
532 640 733 718 appositionis
758 642 840 717 quod
863 641 992 716 positum
1007 649 1051 699 est
1073 641 1104 698 in
1119 643 1273 701 enuntiato
1294 652 1474 715 exetmte3

339 739 419 798 XIII
442 737 480 798 26
501 736 643 816 (palmae)
656 739 756 811 liment
780 739 810 795 in
841 738 991 794 mam'timis
1010 737 1172 814 Hispaniae
1183 741 1325 814 fructum,
1359 760 1475 798 verum

339 839 473 896 immitem
480 859 495 907 ,·
517 837 548 894 II
575 851 630 894 110
660 834 734 892 mille
753 843 885 892 sescentas
905 835 1071 892 adnotavere
1090 836 1187 906 stellas
1220 839 1356 914 insignes
1381 837 1476 895 scili·

339 946 379 993 cet
397 937 492 1010 effectu
514 937 644 1010 nisuque·
666 932 694 989 V
716 933 754 1006 84
780 932 912 991 Ommam
935 943 1034 990 nocant
1058 934 1268 1010 inrumpentem,
1300 956 1391 992 mox
1417 935 1480 991 ubi

333 1033 502 1110 pedregen't,
518 1030 700 1107 Euphratem,
723 1029 796 1087 ultra
810 1050 914 1104 quoqne
926 1049 1058 1087 saxosum
1073 1041 1097 1087 et
1112 1030 1260 1088 ne'olentum
1267 1038 1282 1102 ,¹-
1303 1032 1408 1090 VIII
1429 1031 1473 1088 28

340 1150 415 1187 num
435 1130 558 1186 dentiam
580 1147 664 1185 caasa
677 1127 762 1202 pedes
781 1147 872 1184 eonem
895 1127 1063 1193 incidantur,
1091 1127 1216 1203 alioquin
1239 1129 1473 1197 mollissimam

343 1242 397 1300 115
420 1226 562 1284 dexterum
583 1245 668 1282 eamn
692 1234 794 1301 negant
814 1225 937 1282 invenire
959 1245 1006 1281 cen
1030 1226 1225 1283 meditamento
1247 1227 1345 1301 aliqua
1355 1238 1470 1303 prae-

340 1324 437 1382 ditum.
480 1323 616 1381 Similiter
636 1323 812 1380 conformati
833 1331 901 1380 suut
922 1322 952 1378 hi
973 1323 1043 1380 loci:
1070 1323 1117 1380 XI
1140 1340 1197 1400 249
1218 1324 1328 1381 lomim
1345 1343 1471 1400 genua

341 1430 366 1478 et
385 1421 479 1477 enbi'ta
500 1421 649 1486 coritiana,
683 1422 745 1476 item
775 1419 846 1476 ursis
874 1429 900 1475 et
918 1420 1065 1476 simiarum
1083 1422 1184 1496 generi,
1216 1421 1249 1478 ab
1271 1422 1305 1478 id
1321 1422 1468 1479 menime

334 1518 511 1594 pemicibns,¹
542 1518 632 1593 praef.
659 1515 693 1574 18
714 1517 909 1591 sabateim'sqne
929 1517 1092 1592 tempan'bns
1112 1518 1166 1575 ista
1187 1539 1324 1586 curamus,
1349 1519 1399 1576 id
1420 1526 1468 1574 est

342 1616 487 1672 nocturnis.

688 1949 1082 2024 Secundus'excursus.

455 2128 482 2207 1)
506 2131 557 2188 De
578 2130 774 2206 participio
796 2149 875 2186 cum
896 2130 1089 2206 particulis
1111 2132 1316 2190 coniuncto,

447 2278 599 2351 Quoniam
614 2278 643 2334 in
658 2278 754 2353 priore
769 2277 865 2354 capite
880 2277 1068 2353 exposuimus
1080 2278 1302 2337 coniunctiones
1317 2300 1447 2354 qnam-

340 2398 406 2452 qna
415 2398 450 2446 m,
479 2378 634 2460 qnarnnis
654 2385 683 2434 et
704 2377 844 2434 adverbia
867 2375 1031 2450 similiaque
1053 2375 1190 2451 coniungi
1211 2395 1229 2434 a
1250 2377 1344 2434 Plinio
1366 2395 1444 2435 cum

340 2475 585 2550 appositionibus
607 2476 694 2533 liceat
707 2474 780 2531 mihi
793 2474 862 2530 huic
883 2473 970 2548 capiti
992 2474 1070 2530 aliud
1093 2473 1211 2531 dicendi
1231 2493 1324 2551 genus
1345 2475 1443 2532 Plini-

339 2592 429 2631 anum
444 2575 563 2642 addere,
580 2574 670 2649 quod,
686 2590 869 2647 quamquam
884 2590 947 2628 non
961 2572 1087 2646 pertinet
1108 2573 1146 2630 ad
1161 2571 1440 2648 breviloquentem,

339 2679 439 2728 tamen
460 2670 637 2727 insolentem
667 2670 789 2745 praebet
810 2668 930 2725 dicendi
951 2686 1045 2738 usum,
1076 2688 1141 2727 cum
1165 2669 1283 2738 Plinius,
1306 2678 1338 2728 ut
1359 2678 1440 2727 tem-

338 2785 393 2841 pus
419 2767 581 2824 accuratius
610 2766 796 2842 significetur,
835 2766 987 2841 adponere
1017 2767 1110 2824 soleat
1145 2768 1285 2825 adverbia
1315 2768 1438 2824 statim

332 2863 513 2938 paulatim
544 2864 660 2940 aliaque
680 2863 839 2940 parficipiis
861 2863 1023 2920 coniunctis
1054 2872 1144 2939 atque
1172 2865 1321 2935 absolutis,
1357 2883 1438 2941 quae

340 2968 488 3030 vocantur,
500 2959 683 3019 Graecorum
698 2961 817 3020 dicendi
832 2961 1078 3020 consuetudinem
1092 2969 1217 3030 secutus,
1233 2961 1284 3036 qui
1294 2961 1437 3020 adverbia

338 3068 416 3134 οὕτω,
435 3067 524 3134 εὐθύς,
544 3070 605 3136 ἅμα,
623 3069 720 3137 μεταξύ
742 3061 859 3137 aliaque
880 3059 1011 3117 adiciunt
1038 3059 1204 3134 participiis,
1236 3078 1304 3116 cum
1331 3059 1435 3118 Cicero

338 3155 482 3214 rarissime
503 3157 561 3216 hoc
581 3177 689 3234 genere
710 3158 829 3215 dicendi
849 3165 947 3213 utatur
967 3174 1066 3231 neque
1088 3155 1144 3214 alia
1167 3157 1308 3214 adverbia
1317 3156 1434 3232 partici-

338 3252 392 3328 piis
417 3254 510 3313 addat
539 3255 601 3323 nisi,
632 3264 665 3311 ut
692 3264 809 3329 tempus
839 3253 932 3328 magis
961 3253 1116 3328 perspicue
1139 3253 1302 3323 illustretur,
1338 3254 1433 3311 statim

338 3350 373 3406 cf.
389 3368 416 3424 p.
440 3352 500 3408 red.
523 3352 553 3407 ln
568 3369 628 3408 sen.
652 3367 678 3426 9,
695 3366 730 3407 22
752 3349 881 3409 Caledzns
900 3353 994 3407 statim
1010 3351 1167 3425 designatas
1188 3396 1193 3408 .
1217 3395 1222 3407 .
1246 3396 1252 3408 .
1275 3350 1433 3408 declaravit.

338 3448 455 3505 Dubius
484 3457 527 3506 est
555 3449 636 3505 locus
667 3449 698 3504 in
725 3457 796 3506 orat.
828 3464 871 3517 10,
900 3464 946 3522 35,
973 3449 1023 3505 ubi
1049 3457 1105 3506 est:
1136 3450 1186 3505 hoe
1211 3468 1271 3504 sum
1294 3468 1434 3525 aggressus

336 3546 430 3602 statem
446 3544 549 3603 Catone
562 3544 693 3616 absolute,
715 3547 798 3622 quod
812 3547 986 3604 adverbium
998 3547 1116 3602 statim
1132 3546 1234 3604 melius
1256 3548 1296 3604 ad
1310 3548 1432 3604 verbum

337 3642 461 3711 finitum,
493 3661 583 3718 quam
614 3645 653 3700 ad
683 3643 842 3701 ablativum
873 3643 1041 3702 absolutum
1072 3644 1147 3702 trahi
1171 3652 1277 3720 potest.
1309 3644 1432 3720 Saepius

337 3740 475 3797 nimirum
506 3741 581 3798 haec
609 3741 727 3798 dicendi
757 3742 943 3799 consuetudo
974 3742 1050 3800 inest
1078 3742 1108 3798 in
1135 3742 1247 3817 scriptis
1269 3741 1351 3812 Livii,
1383 3740 1432 3818 qui

337 3837 427 3894 utitur
447 3837 594 3895 adverbiis
621 3836 737 3893 simnl
760 3856 784 3894 e.
806 3857 832 3914 g.
859 3855 881 3906 1,
906 3835 951 3907 26,
974 3855 1000 3912 3,
1030 3835 1149 3895 statim
1173 3855 1218 3911 24,
1243 3851 1288 3912 27,
1320 3856 1346 3911 4,
1378 3859 1431 3894 en·

337 3932 457 4008 templo
480 3948 505 4008 7,
529 3949 575 4008 39,
601 3929 672 4010 14¹).
716 3934 782 3992 Nec
810 3953 872 3992 uon
900 3936 980 3994 hunc
1008 3955 1094 3994 usum
1119 3936 1205 3993 nobis
1227 3953 1381 3994 occurrere
1401 3934 1431 3992 in

448 4183 472 4244 1)
491 4181 521 4245 cl.
548 4183 583 4230 A.
613 4182 767 4244 Draegerum
795 4183 812 4234 l.
840 4182 856 4233 l.
885 4182 912 4229 11
942 4197 967 4246 p.
989 4181 1049 4245 785,
1078 4181 1114 4231 R.
1137 4177 1304 4229 Kuehuerum
1333 4181 1349 4231 l.
1369 4181 1432 4233 l.11

337 4287 362 4336 p.
384 4281 442 4336 594,
462 4271 493 4323 E.
511 4268 715 4332 Guethlingium:
733 4272 774 4319 De
793 4271 845 4320 Titi
857 4271 923 4318 Livii
942 4270 1055 4320 oratione
1073 4269 1216 4336 disputatio,
1236 4269 1350 4332 Liegnitz
1366 4270 1431 4330 1872

337 4376 363 4425 p.
386 4371 417 4408 10
430 4375 485 4425 sqq.
