3188 5212
772 394 946 466 -6'0-

314 611 368 647 non
390 591 540 658 (adonias,
561 591 610 648 sed
621 589 696 648 illud
713 591 742 646 in
756 592 838 667 spina
852 599 961 647 latriam
976 605 1015 648 sc,
1027 571 1120 664 ¹vivit;
1142 591 1279 649 XXXIV
1294 607 1331 668 37
1349 616 1420 652 cam

313 688 450 764 ktrsz'ppas
470 689 540 746 Ml)
568 701 649 765 opera
662 689 759 764 secuse
771 687 937 764 prodatur.
961 733 966 746 .
989 731 996 746 .
1027 708 1171 746 numerum
1201 692 1338 766 aperuisse
1364 693 1418 748 de-

305 787 405 859 sanclo
426 807 463 856 eo,
485 806 545 844 cam
568 786 724 844 thesaurum
746 787 894 862 effiagisset,
915 785 989 843 heres
1009 803 1047 844 sc.
1067 785 1210 861 proditur.
1245 787 1293 846 De
1314 789 1417 848 medi·

312 901 415 940 corum
436 901 572 942 sermone
593 883 864 942 commonefaciunt
894 882 999 942 iterum
1030 883 1105 942 haec
1135 885 1240 942 verba:
1270 885 1348 943 XXI
1373 886 1416 961 76

311 980 510 1054 sedquoniam
530 982 624 1038 statim
647 980 845 1056 repraesentari
872 980 969 1055 alr'qua
999 981 1029 1038 in
1059 982 1146 1037 tanai
1166 982 1276 1039 rastiliis
1296 993 1412 1060 oportet,

313 1076 431 1132 mulsam
464 1085 538 1134 aaa
558 1097 571 1134 e
593 1076 669 1134 nielle
697 1077 799 1153 optimo
829 1086 856 1133 et
884 1086 957 1147 ruta,
988 1077 1159 1135 salsamenta
1188 1081 1271 1136 etiam
1302 1099 1340 1139 sc.
1364 1101 1413 1140 re·

312 1181 477 1250 praesento.

371 1468 403 1547 d)
426 1489 469 1528 ex
491 1470 681 1529 enuntiato
702 1471 919 1530 secundario
941 1470 975 1527 in
997 1470 1094 1529 aliud
1117 1472 1343 1531 enuntiatum

730 1568 994 1626 secundarium.

419 1707 571 1794 Conferas,
599 1725 623 1783 si
649 1724 727 1794 libet,
756 1743 824 1781 cum
851 1723 896 1782 his
917 1722 1119 1800 similibusque
1141 1725 1211 1784 locis
1239 1725 1326 1784 aliam
1347 1745 1410 1785 ser-

313 1822 409 1879 monis
430 1821 704 1897 breviloquentiam,
733 1839 801 1879 cum
829 1821 956 1896 primum
985 1839 1021 1877 ex
1052 1821 1205 1880 enuntiato
1234 1823 1411 1882 secundario

312 1919 501 1977 adiciendum
532 1927 576 1977 est
606 1920 729 1976 verbum
759 1919 789 1976 in
820 1918 900 1976 aliud
922 1917 1106 1976 enuntiatum
1134 1919 1341 1978 secundarium
1363 1921 1411 1980 his

312 2017 397 2074 locis:
419 2017 447 2074 V
472 2033 507 2090 rs)
529 2018 578 2073 dia
593 2037 685 2092 regam
704 2018 819 2073 frontina
834 2016 980 2082 obtinuere,
1004 2026 1035 2072 al
1047 2016 1214 2092 Bagalrana
1228 2016 1415 2092 appellaretur

312 2122 435 2182 exterma,
464 2115 580 2187 itemque
600 2112 712 2179 Bacchi,
745 2133 814 2187 qaae
843 2133 917 2169 nicae
942 2111 1127 2170 Caesarienses
1148 2131 1187 2171 se.
1209 2113 1395 2189 appellantur
1402 2135 1409 2188 ;

269 2199 272 2206 “
312 2219 342 2268 et
362 2210 425 2266 XII
451 2226 505 2284 134
534 2230 617 2284 qrcam
647 2210 701 2267 alii
726 2209 812 2267 elatea
843 2220 942 2267 aaran!
962 2255 968 2266 .
991 2256 996 2266 .
1020 2255 1025 2267 .
1055 2211 1132 2285 qaod
1156 2230 1204 2268 aas
1233 2211 1346 2268 abietem
1367 2229 1408 2269 sc.

312 2325 461 2364 vocamus.

418 2403 537 2461 Deinde
559 2423 576 2460 e
596 2404 729 2479 gerundii
751 2405 845 2462 forma
860 2405 1084 2480 cognoscendus
1106 2413 1150 2462 est
1164 2404 1323 2462 infinitivus
1344 2406 1409 2463 XII

312 2501 350 2575 89
371 2503 443 2558 extis
463 2503 628 2578 impetratur
647 2503 728 2558 venia
749 2502 889 2568 caedendi,
914 2511 1078 2560 nontamen
1101 2511 1131 2560 al
1150 2510 1215 2559 anie
1234 2511 1323 2570 arium
1344 2503 1411 2560 solis

311 2608 362 2655 aar
376 2607 440 2674 post
460 2619 584 2656 occasum
599 2599 679 2656 liceat
699 2618 737 2657 sc.
753 2601 887 2658 caedere.
919 2600 1059 2677 Denique
1080 2619 1097 2658 e
1117 2600 1270 2676 participio
1284 2602 1409 2658 verbum

312 2697 454 2754 enuntiati
486 2697 652 2755 secundarii
683 2697 731 2754 III
753 2714 771 2772 9
793 2698 890 2754 Baelis
911 2744 916 2756 .
940 2743 946 2755 .
969 2742 975 2755 .
998 2719 1053 2756 aon
1075 2744 1081 2756 .
1104 2744 1110 2756 .
1133 2743 1140 2755 .
1161 2698 1288 2755 lllentesa
1309 2698 1409 2774 oppido

310 2794 361 2848 sed
383 2793 513 2868 Regiensi
531 2793 656 2850 exorrens
681 2792 766 2860 salla,
798 2795 881 2852 iuxta
911 2816 989 2872 quem
1015 2796 1106 2853 Iader
1119 2797 1228 2871 flrcaius
1247 2814 1287 2854 se.
1309 2794 1408 2864 oritur,

311 2890 363 2966 qai
381 2932 389 2948 .
410 2933 416 2948 .
439 2932 447 2948 .
468 2890 548 2967 rigat.

312 3441 342 3501 7.
367 3427 526 3489 Verbum
543 3426 682 3488 finitum
700 3425 890 3502 omittitur,
913 3427 944 3488 si
968 3427 1098 3490 similis
1114 3427 1213 3490 notio
1231 3426 1408 3489 antecedit

729 3534 787 3592 vel
812 3533 984 3608 sequitur.
1090 3528 1093 3540 '

418 3709 467 3766 Ab
487 3709 521 3767 iis
546 3709 625 3778 locis,
657 3710 686 3766 in
717 3710 823 3786 quibus
852 3710 1010 3787 separatim
1038 3720 1137 3768 actum
1159 3720 1203 3769 est
1231 3712 1269 3768 de
1299 3711 1408 3768 eodem

311 3807 402 3864 verbo
423 3805 600 3882 supplendo,
631 3808 670 3864 ad
692 3807 781 3865 alium
803 3810 945 3866 accedam
974 3827 1060 3866 usum
1085 3818 1163 3866 certe
1184 3806 1407 3865 memorabilem

311 3902 475 3960 naturalem
511 3903 664 3962 historiam
695 3905 902 3979 tractantibus;
938 3921 1018 3962 nunc
1053 3905 1132 3962 enim
1161 3913 1327 3980 spectemus
1372 3921 1408 3960 ea

312 4000 456 4075 exempla,
486 4001 516 4057 in
544 4002 651 4076 quibus
671 4003 794 4060 verbum
822 4003 938 4059 finitum
964 4003 1113 4072 omittitur,
1142 4002 1167 4060 si
1196 4000 1296 4060 similis
1323 3999 1407 4056 notio

312 4097 460 4155 antecedit
482 4099 527 4155 vel
548 4099 691 4174 sequitur;
720 4118 755 4158 ac
776 4099 903 4174 primum
925 4101 1047 4175 quidem
1075 4100 1168 4176 agitur
1189 4100 1228 4156 de
1249 4096 1408 4156 enuntiatis

311 4195 454 4270 primariis
476 4204 505 4253 et
526 4196 706 4253 secundariis
734 4197 810 4254 inter
830 4215 862 4254 se
883 4198 1071 4265 coordinatis,
1101 4217 1160 4273 qua
1187 4197 1217 4253 in
1246 4214 1277 4252 re
1297 4193 1409 4252 facilior

312 4300 357 4349 est
377 4291 492 4367 ellipsis,
514 4292 539 4351 si
560 4311 596 4349 ex
611 4293 701 4350 verbo
716 4293 845 4368 negandi
860 4293 1034 4350 addendum
1056 4304 1099 4350 est
1118 4294 1240 4352 verbum
1255 4291 1407 4349 affirmans

311 4388 356 4445 vel
378 4388 511 4457 invicem,
534 4391 616 4464 quod
638 4388 760 4464 legimus
782 4390 827 4447 his
849 4389 919 4448 locis
940 4387 986 4446 XI
1009 4405 1026 4463 5
1049 4391 1150 4446 [asaia
1172 4388 1255 4445 irrulti
1274 4399 1409 4462 negarant
