3188 5212
610 464 786 522 -,7-

146 649 329 710 quamquam
359 631 511 710 genetivus
539 632 700 689 humanam
728 639 855 688 aetatem
884 631 1060 707 significans,
1090 629 1141 707 qui
1170 633 1244 692 illius

145 733 260 809 generis
282 731 382 790 similis
404 739 455 799 est,
477 729 608 804 pluribus
629 728 701 786 locis
721 728 896 803 scriptorum
918 729 1048 802 priorum
1071 739 1179 787 exstat:
1207 733 1242 788 cl.

146 830 207 889 Liv.
230 847 257 902 4,
273 845 308 902 41
332 840 357 884 et
377 837 491 885 exactae
521 828 578 883 iam
606 826 704 883 aetatis
729 825 903 901 Capitolinas
927 825 1076 895 Quinctius
1101 823 1244 902 (attamen

144 927 295 986 antecedit
316 945 374 982 vox
395 923 471 1002 viri);
495 939 571 992 21,1
596 921 789 980 Hannibalem
811 924 1045 996 annorumserme
1059 943 1176 993 renuens
1197 925 1246 982 vel

145 1026 222 1104 Nep.
250 1023 292 1093 18,
312 1039 345 1097 13
367 1023 505 1079 Eumenes
525 1041 662 1078 annorum
681 1021 805 1095 quinque
824 1028 850 1076 et
869 1020 1064 1096 quadragenta.

253 1120 417 1194 Quomodo
439 1118 548 1176 Plinius
584 1117 766 1175 adamaverit
802 1124 892 1192 atque
926 1118 1132 1193 propagaverit
1166 1118 1243 1176 hanc

146 1227 328 1286 structuram,
351 1217 478 1292 primum
500 1215 621 1290 quidem
645 1215 850 1272 demonstrant
871 1215 1007 1288 exempla
1035 1233 1122 1288 supra
1148 1215 1242 1284 allata,

147 1335 224 1392 quae
245 1314 343 1372 multis
364 1313 426 1371 aliis
447 1312 547 1388 augeri
561 1319 694 1388 possunt,
709 1311 820 1370 deinde
835 1311 916 1386 quod
932 1311 1075 1368 eiusmodi
1090 1310 1243 1386 genetivus

145 1414 233 1471 etiam
256 1410 404 1469 adhibitus
419 1417 463 1467 est
484 1427 583 1485 neque
603 1408 724 1466 nomine
740 1408 860 1483 proprio
878 1425 975 1483 neque
990 1408 1168 1483 appellativo
1183 1409 1242 1466 ullo

144 1519 278 1568 exstante
304 1509 383 1566 velut
405 1507 452 1564 III
479 1521 533 1582 179
560 1516 642 1562 cetero
669 1506 746 1582 m'gn'
769 1504 864 1561 calaris
889 1505 1035 1561 candidive
1064 1504 1113 1579 (sc.
1137 1507 1241 1583 boves)

144 1608 187 1664 ad
217 1607 336 1664 laborem
371 1604 565 1672 demirantium·
606 1602 720 1677 V1134
747 1602 905 1678 gr'gnnrztnr
930 1613 955 1658 et
988 1603 1127 1676 utriusque
1160 1623 1243 1660 sexus

145 1704 196 1781 (sc.
218 1699 374 1779 homines),
405 1720 472 1776 qrcos
492 1698 742 1775 Hermaphrodrtos
763 1718 910 1768 anamim·
949 1698 994 1754 IX
1013 1697 1067 1771 164
1086 1709 1238 1774 perpetras,

145 1801 259 1857 murices
283 1799 400 1856 eziadem
418 1797 525 1873 generis
547 1795 597 1874 (se.
613 1793 762 1872 animalia)
786 1816 845 1852 aere
859 1795 999 1870 panant·
1029 1795 1120 1852 XXV
1135 1794 1169 1853 61
1195 1817 1240 1853 ae-

143 1907 206 1954 tant
229 1897 297 1953 dari
317 1895 433 1964 senibus,
458 1895 562 1970 paens,
592 1894 655 1950 item
686 1891 776 1949 mallis
796 1912 830 1948 ac
841 1893 963 1966 feminei
980 1894 1098 1967 corporis
1117 1895 1242 1953 uraniae

144 1992 196 2072 (sc.
218 1991 400 2070 hominibus)
408 1991 441 2071 1),
464 1991 546 2049 cuius
568 2009 637 2048 usus
658 2008 714 2066 ego
735 1989 857 2066 quidem
883 2007 978 2065 usque
999 1991 1097 2048 adhuc
1117 1992 1240 2049 aliorum

143 2091 319 2166 scriptorum
340 2089 476 2165 exempla
497 2089 603 2146 afferre
624 2106 686 2145 nou
708 2106 837 2163 possum,
860 2106 927 2144 cum
949 2087 987 2156 id,
1016 2089 1099 2162 quod
1126 2089 1241 2166 scripsit

142 2187 301 2246 Suetonius
334 2187 363 2243 in
397 2186 526 2244 Neronis
559 2204 582 2242 e.
621 2200 654 2259 15
684 2184 867 2260 triumphalia
897 2194 1060 2240 ornamenta
1098 2194 1123 2241 et
1157 2206 1239 2260 qnae·

140 2285 241 2342 stenae
268 2284 413 2360 dignitatis
439 2292 464 2340 et
491 2281 633 2339 nonnullis
667 2303 703 2338 ex
732 2281 848 2356 equestri
873 2283 969 2338 ordine
1002 2282 1113 2348 tn'bm't,
1150 2301 1238 2340 excu-

141 2383 269 2440 sandum
279 2382 315 2438 sit
329 2381 474 2438 vocabulo
489 2380 680 2450 ‚‚nonnullis“,
696 2380 735 2436 de
749 2397 810 2454 quo
825 2380 977 2454 dependet
992 2387 1021 2436 et
1035 2380 1239 2453 „quaestoriae

141 2478 307 2554 dignitatis“
334 2487 363 2534 et
388 2496 443 2548 „ex
463 2477 590 2553 equestri
612 2476 740 2534 ordinet
783 2475 918 2534 Similiter
948 2477 1164 2533 conformatum
1186 2485 1238 2548 est,

141 2576 224 2652 quod
246 2583 340 2634 exstat
360 2576 441 2651 aqud
463 2574 516 2631 Iul.
539 2574 739 2650 Capitolinum
759 2573 791 2629 in
813 2573 934 2631 Maxim.
958 2591 981 2630 c.
1005 2588 1020 2629 2
1044 2572 1199 2630 adulescens
1214 2583 1240 2630 et

139 2672 343 2729 semibarbanes
371 2681 397 2728 et
426 2671 477 2728 azssr
507 2670 598 2726 adhrn
627 2669 751 2726 Latinae
780 2668 899 2745 linguae.
949 2669 1091 2726 Attamen
1126 2669 1238 2745 optime

140 2770 268 2844 quadrat
287 2769 318 2825 in
339 2769 418 2825 hunc
439 2786 524 2824 usum
536 2767 711 2836 Plinianum‚
728 2767 810 2842 quod
825 2766 905 2823 idem
920 2767 1043 2823 adnotat
1054 2766 1238 2842 Capitolinus

139 2867 170 2922 in
193 2866 314 2924 Maxim.
338 2884 362 2923 c.
378 2882 419 2937 4:
449 2865 506 2920 iam
536 2872 661 2920 maturae
686 2863 784 2919 aetatis
811 2862 853 2920 ad
874 2882 935 2918 enm
963 2863 1045 2927 verrit,
1073 2863 1129 2920 nisi
1155 2864 1237 2939 quod

140 2963 246 3020 dixerit
268 2963 414 3039 quispiam
435 2962 514 3018 hunc
536 2979 657 3036 quoque
671 2961 770 3017 locum
785 2960 944 3017 faciliorem
959 2978 1023 3017 esse
1039 2978 1128 3034 quam
1144 2959 1236 3029 Plinii,

140 3061 229 3135 quod,
244 3060 348 3116 iterum
370 3059 547 3134 significetur
568 3066 648 3115 aetas
670 3057 806 3125 hominis,
822 3075 899 3131 quae
914 3059 1086 3125 sententiae,
1104 3066 1237 3132 utsupra

139 3157 198 3214 iarn
219 3157 344 3214 breviter
365 3157 519 3231 attigimus,
541 3155 733 3230 excipiendae
754 3163 829 3211 sunt.

247 3254 313 3311 Nec
337 3272 399 3310 non
428 3253 507 3310 idem
534 3252 624 3310 elficit
654 3252 807 3328 genetivus
833 3251 1014 3326 possessivus
1043 3252 1072 3306 in
1102 3251 1236 3309 Pliniana

138 3369 237 3426 opere.
260 3352 295 3408 cl.
317 3349 439 3407 XXXV
465 3364 514 3406 101
534 3349 634 3425 patria
653 3350 680 3404 ei
703 3347 826 3413 Caunus,
850 3348 941 3423 gentis
961 3348 1081 3404 eradizs
1103 3348 1237 3404 subrectae

139 3447 190 3525 (sc.
213 3448 282 3504 urbs
303 3447 349 3504 vel
371 3444 471 3523 vicus).

166 3711 195 3792 e)
217 3712 362 3770 Desunt
383 3712 612 3770 substantiva
632 3711 793 3768 indicata
814 3711 987 3768 dictione
1007 3712 1206 3786 praeposi·

613 3807 758 3867 tionali.

245 3946 302 4006 Pro
336 3949 473 4024 genetivo
508 3947 653 4004 indicatur
687 3947 903 4004 substantivum
934 3947 1075 4004 omissum
1106 3946 1235 4004 dictione

136 4045 385 4121 praepositionali,
407 4064 466 4121 qua
487 4044 611 4102 omnino
633 4044 742 4100 Plinius
771 4061 986 4118 saepenumero
1012 4045 1101 4100 utitur
1127 4046 1234 4101 eodem

136 4143 229 4199 modo
250 4161 285 4200 ac
305 4143 450 4218 genetiva,
472 4161 539 4200 curn
566 4143 654 4198 etiam
686 4141 847 4199 dictionem
874 4142 1153 4216 praepositionalem
1181 4142 1233 4198 de-

135 4239 320 4313 pendentem
349 4239 418 4295 lacit
449 4240 670 4296 asubstantivo
698 4237 780 4300 nullo
805 4237 959 4312 participio
985 4238 1126 4295 adiuncto
1156 4238 1234 4293 velut

246 4440 270 4501 1)
289 4439 320 4491 ct.
339 4439 360 4491 1.
380 4439 530 4488 Muellerum
550 4439 566 4491 l.
586 4439 605 4490 l.
624 4455 649 4503 p.
673 4451 730 4491 102.
