3188 5212
833 457 1007 512 -so-

372 617 533 694 almerardo,
562 619 589 675 εἰ
608 627 704 674 italiam
728 616 802 674 nulli
820 617 864 672 dii
891 625 955 672 aula
975 635 1059 690 piram
1091 613 1191 691 malis).
1242 617 1329 692 Apud
1351 615 1451 672 Livium

376 716 580 774 desideramus
606 733 697 790 saepe
726 715 835 771 lormas
866 713 947 770 verbi
975 731 1040 770 csse
1068 713 1097 769 in
1127 711 1282 788 participio
1313 713 1400 779 futuri,
1425 714 1453 768 in

379 812 567 871 coniunctivo
590 821 679 888 atque
701 812 875 886 imperfecto
896 810 1054 877 indicativi,
1076 811 1131 868 sed
1152 827 1268 886 semper
1290 821 1347 868 tarn
1368 811 1455 868 faciles

375 919 444 967 sunt
473 910 619 967 eiusmodi
661 909 723 978 loci,
759 916 792 965 ut
822 907 971 965 observari
1002 925 1064 964 non
1095 907 1187 982 possit
1217 908 1353 982 exempla
1379 907 1455 962 huius

376 1007 541 1064 omissionis
570 1007 711 1074 cumulari
742 1007 786 1063 vel
819 1006 954 1064 consulto
984 1003 1052 1080 peti.
1116 1005 1233 1062 Deinde
1263 1025 1359 1082 neque
1384 1007 1456 1082 apud

378 1105 538 1162 Caesarem
560 1121 658 1179 neque
690 1104 770 1178 apud
799 1103 967 1160 Sallustium
996 1102 1153 1160 insolentia
1182 1102 1303 1178 legimus
1324 1103 1454 1178 exempla,

378 1220 445 1258 curn
468 1203 559 1258 durae
588 1201 646 1258 sint
675 1218 766 1275 saepe
795 1200 874 1275 apud
905 1199 1038 1257 Curtium
1066 1200 1176 1256 Rufum
1207 1201 1376 1258 omissiones
1403 1200 1456 1256 lor-

375 1317 489 1355 marum
509 1307 582 1354 erat
609 1307 644 1355 et·
667 1305 770 1353 eraut.
793 1296 828 1354 ci.
858 1296 886 1353 V
912 1313 954 1366 10,
976 1295 1010 1353 d:
1045 1297 1087 1352 Μ
1102 1305 1127 1353 et
1147 1297 1179 1353 D
1200 1297 1315 1354 mercede
1343 1297 1461 1354 conducti

376 1405 402 1451 et
423 1395 548 1470 Agriani
557 1395 617 1469 sere
647 1395 690 1450 M
710 1395 836 1450 Tauroni
856 1396 992 1470 praefacio
1023 1394 1086 1450 doli
1113 1415 1147 1450 ac
1163 1404 1226 1468 post
1254 1394 1318 1452 solr's
1345 1414 1459 1451 occasum

379 1496 432 1550 iter
449 1492 561 1566 ingredi
585 1493 655 1548 iassr'
681 1490 797 1568 (erant).
849 1491 1006 1564 Quatenus
1028 1492 1137 1549 Plinius
1158 1491 1360 1567 propagaverit
1387 1493 1460 1547 hanc

379 1590 492 1665 ellipsin
515 1589 651 1664 exempla
672 1608 760 1665 supra
782 1590 868 1647 allata
890 1590 1102 1646 demonstrant.

376 1825 408 1901 b)
431 1825 468 1880 in
500 1822 707 1880 enuntiatis
728 1821 918 1898 primariis
940 1822 996 1879 vel
1018 1822 1263 1880 secundariis
1285 1823 1463 1880 indicatae

650 1972 679 2046 a)
701 1971 869 2028 dictione
890 1969 1209 2046 praepositionali.

486 2102 542 2160 His
571 2101 712 2176 exemplis
739 2102 850 2158 addere
879 2101 950 2158 mihi
980 2102 1066 2160 liceat
1092 2102 1154 2160 illos
1186 2102 1274 2172 locos,
1308 2103 1410 2179 quibus
1437 2103 1462 2158 in

380 2198 538 2255 enuntiatis
567 2197 709 2272 primariis
731 2206 760 2254 et
789 2199 970 2256 secundariis
992 2200 1113 2256 verbum
1144 2218 1209 2257 esse
1239 2200 1365 2258 dictione
1385 2218 1464 2274 prae·

380 2296 546 2372 positionali
575 2295 735 2352 indicatum
757 2295 866 2352 delicit.
918 2296 1072 2353 Dictiones
1103 2297 1248 2354 eiusmodi
1270 2298 1463 2354 conlonnatae

379 2402 447 2451 sunt
468 2393 687 2469 praepositione

378 2534 426 2571 ex:
448 2507 495 2563 IX
524 2523 579 2582 139
599 2507 650 2563 sed
666 2506 725 2564 alr'a
751 2528 765 2563 a
776 2507 841 2582 fine
862 2507 960 2581 r'm'tra;
993 2508 1039 2565 XI
1076 2525 1132 2582 130
1153 2519 1234 2584 atqrra
1254 2510 1337 2566 atram
1358 2508 1465 2565 nomr'rm

419 2625 455 2660 ex
476 2624 504 2660 eo
531 2603 677 2678 Capillatis
706 2604 823 2681 Alpium
852 2605 956 2673 incolas,
992 2605 1105 2664 Galliae
1135 2616 1276 2675 comatam·
1311 2620 1363 2680 145
1390 2624 1467 2679 raeque

420 2700 478 2758 ullo
499 2711 633 2776 exparte
654 2702 762 2758 mae'ora
782 2703 878 2759 anr'rnr'
896 2701 1002 2759 indicia
1024 2704 1128 2759 arinates
1149 2703 1326 2761 anamalibus.

379 2828 429 2877 ab:
450 2814 497 2870 IX
523 2812 578 2887 136
592 2815 635 2870 'ab
658 2816 694 2872 ir's
720 2815 882 2873 Flaccorum
910 2818 1090 2893 cognomina;
1122 2834 1180 2875 200
1201 2817 1236 2874 ab
1257 2819 1307 2875 hoe
1328 2815 1467 2874 uenlm'ealo

422 2910 502 2967 lactes
523 2911 553 2967 in
574 2930 623 2967 oue
642 2921 668 2968 et
687 2912 804 2982 homme,
819 2924 961 2989 perquer
982 2913 1089 2971 labatur
1106 2915 1189 2983 arius,
1222 2916 1251 2971 in
1273 2915 1365 2971 celam's
1384 2913 1468 2976 hr'llaa

419 3029 438 3065 a
459 3008 558 3084 qua'bus
579 3009 708 3067 elateslr‘na
731 3011 774 3067 ad
792 3010 893 3069 aluam.
936 3011 1053 3086 Ellipsis
1077 3012 1163 3087 primi
1182 3012 1322 3088 exempli:
1350 3013 1400 3069 sad
1416 3009 1472 3067 alr'a

420 3108 508 3181 afim
529 3108 612 3164 raalio
633 3127 695 3165 non
726 3117 770 3166 est
800 3109 937 3178 insolens
969 3109 1112 3184 quoniam
1142 3109 1327 3167 enuntiatum
1359 3110 1469 3185 vulgare

421 3212 471 3273 est,
493 3204 524 3261 in
546 3223 606 3280 quo
628 3206 736 3262 eodem
752 3207 843 3263 modo
859 3215 949 3282 atque
970 3206 1000 3263 in
1021 3206 1181 3282 proverbiis
1203 3207 1392 3283 supprimitur
1411 3222 1469 3262 ver-

424 3301 503 3358 bum.
526 3303 561 3359 cl.
578 3302 637 3360 Cic.
654 3303 693 3359 de
707 3303 757 3359 fin.
775 3319 800 3371 2,
823 3319 859 3376 32
883 3304 1001 3360 z'oeundi
1012 3304 1071 3361 acti
1088 3303 1207 3376 labores;
1228 3304 1309 3362 Lael.
1334 3321 1367 3361 21
1382 3301 1469 3361 omnia

420 3397 566 3472 praeclara
581 3417 655 3454 rara.
699 3398 790 3455 Porro
805 3398 849 3455 his
863 3399 934 3457 locis
949 3400 987 3456 illi
1003 3401 1190 3459 Ciceroniani
1205 3401 1380 3458 conferendi
1395 3406 1469 3458 sunt:

421 3495 451 3551 in
473 3513 513 3552 or.
535 3513 577 3570 pr.
600 3494 698 3552 Deiot.
722 3494 748 3564 8,
782 3511 818 3568 24
850 3497 926 3554 na'lzil
951 3498 994 3554 ad
1017 3508 1095 3556 tuum
1124 3499 1286 3574 eqrtr'lalum,
1319 3499 1364 3555 vel
1396 3493 1471 3574 quod

421 3590 542 3665 legimus
563 3591 593 3646 in
614 3599 674 3647 nat.
696 3592 724 3648 d.
751 3608 774 3662 1,
806 3591 843 3649 26
873 3593 904 3650 in
934 3594 1162 3672 interrogatione
1193 3604 1284 3653 recta:
1302 3579 1388 3670 ‘quali'
1404 3592 1471 3650 emm

421 3688 451 3743 in
466 3687 591 3764 physicis
610 3688 805 3764 Epaminon
826 3711 845 3748 a
865 3691 1047 3749 Democrito?

733 3913 763 3993 β)
786 3915 1125 3976 coniunctionibus,

489 4040 556 4100 Alia
578 4043 730 4103 enuntiata
751 4048 927 4106 secundaria
950 4057 980 4106 et
1000 4049 1138 4124 primaria
1159 4048 1387 4107 introducuntur
1406 4058 1472 4104 cort·

382 4137 588 4209 iunctionibus
605 4142 656 4216 qui
671 4143 792 4217 quidem
807 4162 877 4201 usus
892 4163 1076 4221 quamquam
1090 4165 1151 4204 non
1175 4156 1235 4204 tam
1257 4165 1355 4223 saepe,
1378 4155 1473 4203 tamen

382 4235 427 4293 his
449 4237 493 4294 vel
515 4238 568 4296 illis
590 4238 661 4295 locis
682 4240 839 4297 adhibetur
859 4260 878 4298 a
899 4242 1051 4301 Cicerone.

493 4433 517 4494 1)
535 4431 567 4481 ct.
587 4433 621 4482 A.
643 4432 733 4494 Draeg.
754 4430 770 4482 1.
790 4431 806 4484 l,
825 4427 837 4465 ²
855 4431 868 4480 I
887 4449 911 4499 p.
935 4445 982 4500 197
993 4449 1031 4498 sq.
