3188 5212
633 466 806 518 ..27..

139 629 282 704 scriptiS
303 627 441 686 Plinianis
462 627 507 684 his
529 626 605 685 clare
635 625 731 684 elucet
761 625 911 700 exemplis,
943 624 973 681 in
1003 624 1110 700 quibus
1137 625 1266 701 primum

142 727 299 802 quidem,
320 733 353 782 ut
373 743 460 783 usum
482 723 710 784 Ciceronianum
741 722 869 798 primum
897 721 1118 792 constituamus,
1148 722 1267 780 additur

144 823 343 883 adverbium

145 935 284 985 statim:
312 919 392 978 XIII
415 918 453 977 26
473 920 523 976 sed
539 921 632 977 statim
654 929 862 978 evanescentem.

275 1017 394 1075 Deinde
414 1017 606 1093 insequantur
627 1036 663 1075 ea
684 1019 827 1093 exempla,
854 1017 884 1074 in
906 1017 1012 1094 quibus
1037 1036 1120 1075 more
1141 1017 1265 1075 Liviano

148 1113 292 1172 adicitur
312 1113 485 1172 adverbium

150 1224 325 1288 paulatIm:
355 1209 493 1267 XXXVI
515 1209 554 1286 96
568 1211 712 1288 paulatim
734 1211 900 1268 exinaniens
922 1212 1010 1281 i'inos;
1041 1210 1196 1268 XXXVII
1227 1225 1266 1286 70

199 1307 345 1383 paulatim
368 1308 508 1365 viriditate
528 1309 664 1378 evanida·
685 1309 717 1366 II
741 1308 797 1366 228
821 1329 889 1366 mox
902 1309 1045 1385 paulatim
1066 1319 1203 1385 tepescens.

275 1405 393 1462 Praeter
414 1405 489 1462 haec
517 1405 657 1463 adverbia
687 1413 804 1481 tempus
832 1405 1027 1480 significantia
1056 1405 1113 1464 alia
1144 1423 1266 1481 quoque

156 1501 325 1578 participiis
346 1502 546 1577 adiunguntur
565 1502 759 1560 directionem
780 1502 918 1580 aliquam,
948 1503 1029 1561 unde
1050 1502 1162 1578 aliquid
1177 1502 1265 1573 venit,

158 1609 266 1676 atque,
288 1617 366 1675 quae
386 1598 561 1674 significatio
589 1599 659 1657 inde
685 1600 825 1658 translata
855 1608 907 1670 est,
939 1617 1060 1659 causam
1081 1599 1203 1657 alicuius
1224 1599 1265 1658 rei

160 1696 347 1754 illustrantia.
392 1695 492 1768 Quam
522 1695 613 1754 libere
644 1705 775 1755 versatus
805 1697 842 1754 sit
873 1697 982 1755 Plinius
1012 1697 1117 1755 iterum
1148 1696 1265 1755 Livium

159 1801 284 1852 secutus
306 1793 336 1849 in
357 1793 415 1850 hoe
445 1793 564 1850 dicendi
592 1812 707 1870 genere,
736 1795 780 1853 his
809 1796 1027 1853 demonstretur
1055 1794 1205 1870 exemplis,
1235 1793 1265 1851 in

115 1883 125 1898 '
162 1889 275 1966 quibus
296 1889 463 1948 adiciuntur
483 1890 638 1948 adverbia:

163 2002 251 2051 hinc:
277 1987 308 2044 II
331 2003 348 2060 3
370 1987 521 2044 occasiones
546 1988 612 2044 binc
638 1997 749 2064 sumpta
770 1999 820 2046 aut
841 1989 885 2046 bis
906 1989 995 2057 deta,·
1023 1989 1070 2046 III
1094 2004 1110 2061 3
1132 1988 1198 2044 bine
1219 1989 1264 2044 in-

208 2086 299 2142 tranti
315 2085 428 2142 dextera
449 2085 547 2160 Africa
567 2096 619 2156 est,
640 2086 774 2144 V11212
798 2089 855 2144 inm
877 2087 942 2144 benc
963 2087 1070 2144 ratione
1089 2086 1223 2143 accedens.

164 2198 250 2248 inde:
274 2182 367 2239 XXX
392 2196 426 2257 15
449 2183 513 2239 inde
534 2183 693 2240 nominibus
714 2185 856 2254 inuentis,
887 2183 925 2260 89
946 2185 1059 2242 selenis
1080 2184 1144 2240 inde
1164 2184 1264 2253 dictis,·

209 2280 257 2337 III
283 2295 338 2354 134
359 2279 423 2336 indi
443 2288 528 2337 tracto
550 2281 672 2353 nomine3
704 2280 732 2337 V
754 2295 791 2356 53
821 2281 885 2338 inde
905 2281 1033 2356 Africam
1058 2282 1094 2338 ab
1115 2281 1264 2356 Aethiopia

209 2377 379 2451 disperiens,¹
400 2375 462 2433 VII
488 2392 542 2449 144
564 2377 643 2433 bonis
663 2378 727 2434 i'nde
747 2378 831 2434 etinm
852 2378 1019 2435 consecratis.
1188 2379 1189 2384 ’

163 2487 306 2538 subinde:
334 2473 489 2530 XXXVII
504 2471 558 2548 136
568 2474 684 2531 subinde
702 2484 813 2532 inntens
827 2494 982 2551 magnaque
994 2475 1124 2532 uarietate
1138 2474 1263 2532 admira-

208 2570 307 2626 tionem
321 2570 369 2626 sni
384 2590 508 2646 augens;
534 2568 589 2628 186
602 2571 718 2628 subinde
733 2571 844 2628 nannta
864 2571 1057 2647 dnpositinne,·
1078 2570 1203 2628 XXXII
1226 2583 1264 2646 45

209 2686 280 2722 mero
308 2666 423 2724 subinde
452 2667 550 2724 hausto
585 2668 645 2736 ita,·
680 2668 716 2742 78
747 2668 862 2725 subinde
889 2681 988 2745 spem
1011 2669 1113 2744 piienir
1142 2668 1265 2740 detersas

208 2764 278 2822 item
300 2763 332 2822 ΙΙ
357 2780 427 2837 104;
451 2763 520 2838 246;
542 2765 620 2823 VIII
646 2780 709 2840 117.

276 2861 332 2920 His
354 2862 495 2937 exemplis
517 2863 665 2921 addantur
685 2863 830 2922 nonnulla
850 2864 908 2923 alia
927 2864 1080 2940 participia
1102 2882 1170 2920 cum
1191 2882 1264 2921 con-

163 2959 364 3017 iunctionibus
385 2959 599 3036 significatione
630 2960 750 3018 relativa
772 2960 818 3018 vel
847 2961 959 3019 modali
989 2961 1155 3029 coniuncta,
1186 2979 1264 3036 quae

165 3057 276 3116 eodem
296 3057 389 3113 modo
410 3075 445 3114 ac
458 3056 556 3131 priora
570 3075 635 3114 raro
649 3056 838 3114 inveniuntur
852 3058 934 3132 apud
948 3057 1103 3132 scriptores
1118 3056 1263 3127 classicos,

165 3153 219 3230 qui
247 3153 390 3222 dicuntur,
419 3171 517 3228 eoque
546 3153 663 3228 saepius
690 3153 777 3211 nobis
799 3172 830 3211 se
850 3155 995 3229 praebent
1023 3153 1053 3210 in
1075 3153 1187 3228 scriptis
1208 3172 1263 3229 po·

164 3251 321 3311 steriorum
351 3249 533 3326 scriptorum,
565 3268 625 3326 quo
646 3250 738 3327 magis
761 3249 890 3309 Romani
911 3251 941 3308 in
962 3249 1063 3309 litteris
1094 3257 1123 3308 et
1153 3250 1264 3309 artibus

164 3347 271 3406 imitati
285 3356 353 3406 sunt
368 3346 516 3420 Graecos;
533 3366 658 3424 quarum
672 3347 914 3406 coniuncti0num
924 3348 955 3405 in
969 3348 1048 3406 libris
1062 3347 1264 3407 Ciceronianis

164 3445 308 3520 reperitur
321 3444 492 3519 quemvis,
515 3463 605 3520 quam
620 3462 717 3520 aeque
735 3445 833 3520 posuit
843 3452 912 3503 ante
926 3444 1085 3504 ablativum
1095 3445 1264 3502 absolutum

164 3551 265 3619 atque,
292 3536 334 3599 ut?
345 3541 404 3600 iam
425 3559 513 3617 supra
535 3543 774 3611 commemoravi,
803 3551 872 3600 ante
893 3541 1045 3600 adiectiva.
1075 3542 1110 3599 cl.
1133 3543 1172 3599 ad
1194 3542 1262 3600 fam.

167 3655 194 3714 7,
217 3655 243 3712 3,
265 3636 283 3696 6
305 3639 356 3714 qni
373 3638 401 3695 si
419 3659 461 3694 me
485 3638 632 3708 audissent,
662 3639 790 3714 quamvis
820 3639 919 3714 iniqua
937 3650 1009 3714 pace
1038 3639 1145 3695 honeste
1171 3648 1263 3696 tamen

142 3729 294 3806 ‘venirent
326 3755 387 3813 quo
407 3736 474 3793 loco
495 3725 541 3794 res
571 3755 608 3794 eo
629 3737 726 3794 minus
747 3737 837 3794 habet
863 3735 1045 3803 offensionis,
1077 3736 1160 3810 quod
1181 3734 1263 3793 verbi

165 3833 285 3892 ablativi
306 3832 432 3891 absoluti
453 3833 516 3890 vice
538 3841 633 3891 exstat
653 3833 839 3891 adlectivum.
883 3832 1022 3892 Ceterum
1043 3848 1142 3906 neque
1163 3830 1263 3890 Livius

164 3948 265 4006 neque
287 3929 395 3986 Plinius
416 3937 653 4005 propagaverunt
673 3929 760 3988 huius
781 3928 997 3988 coniunctionis
1011 3945 1105 3986 usum.
1142 3928 1177 3985 cf.
1189 3926 1263 3984 Livii

170 4043 194 4096 1,
216 4037 329 4102 4posse
354 4025 482 4100 qiiamois
506 4025 643 4102 languida
674 4027 762 4102 mergi
784 4047 859 4102 aqna
889 4027 1017 4101 infantes,
1050 4025 1096 4083 vel
1124 4025 1209 4082 Plinii
1231 4024 1263 4082 II

170 4121 222 4179 181
246 4123 375 4197 quamvis
395 4123 552 4181 breuissineo
580 4124 643 4193 die,·
674 4124 735 4182 VII
758 4137 795 4199 54
826 4125 955 4200 quemuis
975 4123 1031 4182 leni
1052 4123 1154 4180 iniectu
1174 4131 1263 4197 operto

166 4221 261 4296 eapite,
292 4221 433 4296 quoniam
454 4222 500 4280 his
531 4241 652 4299 quoque
682 4222 753 4281 locis
781 4221 950 4280 coniunctio
981 4220 1140 4297 quamuis
1167 4225 1263 4277 exstat

166 4326 236 4375 ante
257 4317 442 4376 adiectivum.

273 4416 381 4475 Itidem
411 4419 581 4477 excusanda
620 4426 665 4476 est
694 4416 863 4476 coniunctio
892 4435 1100 4493 quemqnam
1129 4413 1221 4472 semel
1242 4431 1261 4470 a
