3218 5216
763 391 965 454 ,38-.

616 651 649 732 b)
671 655 724 714 De
745 654 892 713 casibus
914 654 1087 731 obliquis.

412 821 479 880 Hos
501 839 621 898 quoque
643 839 727 880 casus
748 841 767 880 a
781 821 876 880 Plinio
895 820 1046 897 neglectos
1067 839 1128 877 non
1151 839 1215 878 esse
1236 820 1405 894 iamsupra

304 918 406 995 paucis
427 917 495 976 dixi.
538 918 598 976 Eos
620 926 720 977 autem
742 919 877 977 omittam
898 918 987 986 locos
1019 918 1126 995 quibus
1154 937 1191 976 ex
1213 917 1403 974 circumstan-

302 1007 381 1074 tibus
402 1015 553 1073 vocabulis
583 1014 653 1073 satis
683 1014 811 1091 intellegi
840 1023 946 1092 potest,
978 1015 1060 1091 quod
1090 1033 1184 1091 genus
1214 1015 1405 1072 statuendum

303 1113 347 1171 sit.
391 1113 487 1170 Multo
508 1111 626 1170 liberius
647 1121 691 1170 est
712 1112 830 1170 dicendi
851 1131 944 1188 genus
965 1111 1113 1188 scriptoris
1135 1111 1180 1170 his
1201 1111 1285 1169 locis:

412 1227 551 1286 Genetivi
566 1228 702 1303 exempla
711 1236 828 1304 praeter
842 1228 1011 1304 genetivum
1024 1228 1194 1303 partitivum
1209 1225 1289 1284 velut
1303 1225 1405 1302 quid-

306 1325 392 1401 quid
414 1324 511 1394 boni,
543 1343 620 1401 quae
649 1325 837 1384 usitatissima
867 1333 935 1384 sunt
965 1326 1046 1401 apud
1074 1325 1229 1400 scriptores
1258 1322 1404 1392 classicos

306 1421 381 1479 mihi
398 1441 460 1480 non
481 1431 670 1480 occurrerunt
690 1423 721 1479 in
742 1422 868 1481 naturali
889 1421 1017 1496 historia,

413 1535 556 1592 Dativum
586 1553 688 1594 casum
710 1535 755 1594 his
781 1536 852 1594 locis
873 1535 1039 1593 invenimus
1062 1535 1093 1591 ΙΙ
1117 1551 1132 1590 2
1156 1534 1285 1609 zufluitus
1306 1554 1340 1590 ac
1360 1534 1405 1590 iu·

297 1632 388 1707 finito
407 1631 508 1689 similis
529 1629 613 1709 (est);
645 1633 715 1691 ibid.
746 1633 871 1691 omnium
900 1653 989 1690 rerum
1011 1641 1097 1690 certus
1124 1641 1149 1688 et
1169 1631 1270 1689 similis
1288 1632 1406 1700 incerto,-

311 1746 364 1787 102
387 1749 466 1787 omne
486 1730 563 1804 quod
579 1731 666 1787 inani
691 1730 781 1787 simile
801 1729 914 1787 urlalem
944 1731 1018 1787 hunc
1044 1729 1173 1804 spz'rr’urm
1185 1728 1296 1803 fundit,
1329 1745 1408 1803 quae

308 1827 429 1903 quidem
451 1828 587 1903 exempla
608 1847 645 1886 ea
665 1846 696 1886 re
717 1829 888 1887 excusanda
908 1836 985 1897 sunt,
1008 1828 1090 1904 quod
1112 1827 1206 1903 agitur
1227 1827 1266 1884 de
1287 1845 1318 1883 re
1338 1825 1407 1901 phi·

302 1913 460 2000 losophica
479 1915 580 2001 neque
611 1943 674 1982 non
695 1925 793 1983 multis
814 1925 893 1995 locis,
926 1934 958 1983 ut
988 1925 1047 1983 iam
1078 1943 1166 2000 supra
1197 1923 1407 1992 demonstravi,

308 2021 492 2097 reperiuntur
511 2021 542 2079 in
563 2023 676 2098 scriptis
702 2023 913 2099 philosophicis
935 2022 1144 2092 Ciceronianis,
1177 2022 1284 2098 quibus
1306 2039 1407 2079 exem·

308 2117 363 2194 plis
384 2118 442 2175 hoe
464 2135 584 2193 quoque
606 2117 795 2176 adiciendum
817 2128 861 2178 est
882 2118 975 2177 XVII
997 2118 1036 2192 48
1066 2119 1157 2176 omnis
1186 2126 1277 2174 autem
1309 2136 1408 2192 marga

308 2221 388 2271 arato
410 2211 504 2292 (agro)
527 2215 667 2272 inicienda
688 2224 732 2274 est.

415 2328 585 2387 Ablativum
607 2348 708 2389 casum
730 2330 774 2389 his
795 2330 917 2408 legimus
939 2331 1011 2390 locis
1033 2339 1123 2408 atque
1137 2330 1264 2406 primurn
1286 2328 1408 2405 quidem

308 2425 339 2482 id
361 2425 523 2502 quodiam
544 2428 668 2502 praebet
689 2427 793 2487 Cicero

309 2560 422 2612 medio:
460 2548 615 2606 XXXVII
651 2549 704 2625 183
742 2551 886 2608 reddit..
910 2596 915 2608 .
948 2551 1035 2624 medzjo
1065 2551 1248 2632 sanguineum
1280 2545 1408 2624 (sucum)

349 2665 457 2702 summo
478 2646 605 2715 acierum·
628 2647 659 2703 II
681 2645 736 2722 673
762 2661 824 2721 171.

309 2780 475 2845 profundo:
504 2768 630 2826 XXXII
656 2784 711 2842 143
733 2789 803 2845 quae
816 2770 958 2845 profundo
983 2779 1086 2827 natura
1108 2769 1212 2838 mersit,·
1245 2769 1276 2825 II
1299 2783 1355 2840 203
1378 2767 1409 2823 in

351 2866 444 2922 eadem
466 2874 492 2922 et
511 2866 644 2942 oppidum
676 2866 807 2924 haustum
821 2868 971 2943 profundo.
1014 2867 1131 2925 Afferre
1153 2866 1243 2925 etiam
1272 2865 1358 2923 liceat
1378 2864 1410 2920 id

351 2963 434 3038 quod
454 2963 606 3039 proprium
629 2973 674 3022 est
689 2963 786 3022 Plinii:
809 2965 965 3023 XXXVII
981 2966 1019 3042 89
1035 2964 1110 3022 nibil
1128 2965 1158 3022 z'u
1171 2984 1224 3021 sua
1244 2963 1304 3021 sede
1324 2963 1408 3019 ruter-

343 3059 450 3135 pellarz'
467 3059 558 3118 alieno
572 3060 672 3137 placet.
836 3041 841 3051 ἦ
866 3041 869 3049 ¹
895 3039 898 3050 Ε
1308 3053 1309 3058 ’

416 3172 580 3232 Videamus
601 3193 681 3233 nunc
703 3194 740 3233 ea
760 3176 913 3246 adiectiva,
946 3195 1024 3254 quae
1053 3176 1304 3236 substantivorum
1334 3183 1409 3233 tem-

303 3289 385 3353 ¹pora
405 3270 633 3346 significantium
654 3271 766 3331 vicibus
788 3274 965 3350 funguntur

417 3382 580 3443 Genetivus
611 3403 695 3444 casus
717 3365 775 3444 hoc
795 3387 936 3464 probetur
956 3388 1023 3445 loco
1043 3387 1105 3456 VII
1132 3405 1195 3463 190,
1217 3388 1268 3445 ubi
1289 3396 1345 3447 est:
1377 3408 1412 3443 ac

312 3480 437 3556 duplicat
449 3480 555 3539 obituri
565 3482 683 3540 dolorem
697 3484 781 3540 etrum
789 3484 959 3560 postfuturi
969 3485 1168 3551 aeslz'matz'oue,
1191 3486 1274 3563 quod
1289 3484 1411 3561 quidem

311 3579 490 3639 adiectivum
511 3581 693 3662 substantive
714 3582 847 3657 usurpari
868 3601 886 3640 a
907 3582 990 3640 Livio
1012 3601 1099 3658 supra
1120 3581 1179 3640 iarn
1201 3582 1336 3640 diximus.

418 3694 573 3753 Ablativus
594 3713 678 3754 casus
699 3695 827 3771 primum
848 3696 930 3772 apud
949 3695 1076 3753 Plinium
1097 3695 1141 3753 his
1163 3695 1251 3754 loeis:
1272 3695 1351 3752 XIX
1372 3709 1410 3769 37

304 3792 459 3860 ,ίεκιννίηπα
481 3790 608 3871 (tubera)
630 3801 721 3850 aulem
752 3813 833 3850 uerno
854 3812 926 3862 esse,·
956 3792 1002 3850 XI
1025 3791 1063 3850 86
1086 3793 1243 3862 matutinu-
1273 3793 1343 3850 item
1364 3793 1412 3850 IX

312 3889 350 3964 36
372 3898 454 3965 atque
474 3899 506 3947 ut
525 3901 645 3947 remeunt
666 3890 822 3961 morutium·
843 3891 890 3947 XI
916 3888 983 3964 116;
1010 3890 1077 3967 1983
1099 3889 1254 3948 XXXVII
1278 3905 1328 3964 51;
1349 3889 1412 3947 VII

316 3985 379 4043 181.
422 3986 513 4044 Addo
535 3986 567 4044 II
590 4002 648 4060 240
679 3987 747 4044 viret
776 3997 911 4046 aeterno.
934 4033 940 4046 .
964 4033 969 4046 .
996 3997 1137 4064 contegens
1148 3988 1298 4062 fraxinus,
1329 3988 1412 4063 quod

313 4083 435 4161 quidem
465 4092 621 4143 aeterno
647 4084 707 4143 iam
728 4093 822 4144 exstat
852 4085 883 4142 in
913 4086 1047 4156 oratione
1077 4085 1283 4161 philosophica
1314 4102 1413 4159 neque

312 4180 443 4240 insolens
464 4181 522 4239 dici
543 4189 648 4256 potest.
