3188 5212
663 1412 742 1500 ΠΙ.

249 1624 321 1705 De
356 1625 574 1706 neutrius
602 1626 792 1726 generis
820 1626 1163 1708 adieetivorum

483 1755 787 1839 substantivo
820 1780 924 1840 usu.

260 1953 425 2012 Maximam
454 1963 555 2012 autem
585 1955 615 2011 in
645 1955 798 2013 nominum
831 1973 886 2014 usu
914 1955 1088 2014 brevitatem
1117 1955 1146 2014 in
1178 1974 1252 2014 neu·

133 2053 222 2111 trius
242 2053 359 2129 generis
380 2052 593 2110 adiectivorum
613 2053 797 2111 substantivo
818 2071 873 2112 usu
886 2054 1016 2129 positam
1037 2072 1101 2112 esse
1122 2053 1188 2131 quis
1208 2061 1254 2112 est

137 2151 203 2226 qui
224 2151 331 2226 neget?
364 2148 471 2225 Itaque
491 2149 647 2227 quomodo
667 2149 777 2208 Plinius
807 2150 954 2210 adiectiva
983 2151 1117 2209 neutrius
1137 2151 1253 2228 generis

136 2265 206 2323 pro
221 2247 410 2305 substantivis
423 2247 614 2324 usurpaverit,
630 2254 874 2322 perscrutraturus
886 2266 960 2317 sum,
976 2266 1035 2324 qua
1049 2248 1079 2306 in
1093 2259 1125 2305 r'e
1138 2247 1253 2325 neglegi

140 2361 216 2400 non
238 2352 362 2420 possunt
383 2344 403 2400 ii
423 2344 480 2401 viri
496 2345 666 2414 doctissimi,
698 2345 748 2421 qui
769 2353 858 2402 antea
885 2345 915 2401 in
936 2345 994 2403 hac
1014 2363 1045 2403 re
1066 2346 1254 2403 observanda

142 2441 261 2500 versati
281 2450 349 2499 sunt
369 2441 599 2517 summatimque
620 2450 820 2516 exposuerunt
841 2435 921 2500 velut

262 2539 359 2597 Ferd.
371 2539 536 2598 Handius
546 2559 552 2596 ε
563 2539 721 2598 Lehrbuch
732 2540 785 2598 des
792 2539 985 2598 lateinischen
996 2539 1061 2598 Stils
1071 2557 1099 2616 p.
1112 2536 1254 2616 160sqq.;

262 2636 295 2696 C.
322 2638 388 2695 Frd.
416 2637 746 2714 Naegelsbachius:
777 2637 964 2696 Lateinische
993 2637 1112 2696 Stilistik
1142 2657 1170 2715 p.
1200 2652 1253 2716 53;

262 2734 308 2793 Fr.
330 2733 503 2793 Haasius:
525 2733 730 2811 Vorlesungen
747 2735 820 2792 tiber
833 2734 1005 2794 lateinische
1020 2733 1253 2812 Sprachwissen·

145 2833 251 2891 schait
271 2833 318 2890 ed.
340 2832 487 2902 Eckstein,
509 2833 578 2910 Lps.
604 2831 679 2906 1874
700 2832 716 2890 Ι
737 2852 766 2908 p.
793 2847 862 2908 1543

173 2976 176 2980 .
262 2933 298 2989 A.
321 2931 500 3008 Draeger:
522 2931 538 2988 l.
560 2930 578 2988 l.
600 2929 665 3007 lp.
687 2945 726 3006 50
746 2949 812 3008 sqq.

262 3029 322 3088 Sed
343 3048 422 3105 quae
443 3029 473 3086 hi
494 3027 546 3086 viri
566 3029 648 3086 docti
668 3029 708 3087 de
728 3028 786 3087 hac
807 3047 838 3086 re
859 3029 1067 3098 disseruerunt,
1091 3028 1164 3086 mihi
1184 3027 1254 3088 satis

149 3146 219 3185 non
240 3145 305 3187 esse
325 3127 470 3197 videntur,
501 3145 560 3202 qua
590 3127 629 3184 de
657 3145 746 3184 causa
767 3143 877 3202 operae
897 3126 1024 3202 pretium
1045 3143 1110 3184 esse
1131 3125 1256 3184 arbitror

151 3228 258 3284 denuo
287 3226 326 3284 de
353 3226 412 3284 hoe
432 3244 486 3284 usu
507 3226 598 3283 verba
619 3224 742 3298 iaciens;
774 3243 957 3301 quamquam
989 3223 1019 3281 in
1040 3223 1256 3294 dissertatione,

152 3341 249 3401 quam
269 3323 365 3382 ordini
378 3323 624 3400 philosophorum
637 3322 753 3392 tradidi,
776 3322 866 3380 etiam
879 3320 1011 3398 pluribus
1033 3321 1072 3379 de
1085 3319 1144 3378 boc
1158 3319 1256 3398 capite

153 3421 280 3479 disserui
301 3421 405 3490 verbis,
426 3420 485 3478 hoc
506 3420 572 3478 loco
593 3419 669 3477 haec
689 3427 806 3477 tantum
826 3420 932 3478 aliene
953 3437 1083 3496 possum.

265 3517 375 3575 Plinius
404 3535 501 3593 aeque
531 3534 566 3574 ac
596 3516 752 3593 scriptores
783 3515 895 3575 classici
919 3515 1098 3574 adiectivum
1118 3513 1256 3574 substan·

153 3615 284 3673 rivorum
305 3615 369 3672 vice
383 3615 493 3691 posuit;
515 3633 582 3672 cum
604 3622 705 3672 autem
726 3614 757 3671 hi
770 3613 987 3672 nominativum
1007 3621 1037 3671 et
1057 3611 1257 3674 accusativum

155 3711 403 3786 frequentissime,
434 3729 519 3769 casus
545 3710 690 3786 obliquos,
722 3710 829 3787 quibus
860 3710 955 3767 forma
985 3717 1015 3766 et
1044 3706 1197 3766 masculini
1228 3713 1258 3764 et

155 3807 292 3864 feminini
322 3815 352 3864 et
380 3808 511 3866 neutrius
540 3807 655 3884 generis
686 3807 793 3865 eadem
823 3813 875 3876 est,
911 3803 1056 3863 rarissime
1086 3802 1257 3874 adhibeant,

157 3903 269 3962 Plinius
290 3903 348 3962 hoc
367 3905 525 3964 discrimen
545 3923 608 3964 non
630 3906 775 3964 observat.

465 4209 489 4255 r.
512 4195 567 4255 De
592 4189 766 4270 singulari
789 4206 954 4255 numero.

268 4351 398 4412 Primum
420 4352 542 4429 quidem
562 4351 674 4429 aliquid
695 4351 794 4409 dicam
823 4350 863 4408 de
886 4346 1040 4426 singularis
1068 4344 1183 4404 numeri
1204 4341 1259 4402 ad·

159 4450 271 4508 iectivis
292 4451 356 4509 sine
378 4451 437 4508 ullo
458 4451 599 4509 attributo
620 4449 730 4525 positis
774 4446 919 4504 Exordiar
939 4445 1025 4520 igitur

525 4545 528 4550 ¹
1081 4552 1096 4604 3
