3188 5212
824 447 998 488 ...12-

361 608 408 666 IX
431 607 483 682 78:
505 609 555 666 hec
571 629 658 684 genus
676 607 772 678 selum,
795 621 825 665 ut
845 628 886 674 ca,
916 627 986 683 quac
1006 617 1058 664 cete
1077 607 1224 684 appellant,
1253 608 1367 666 animal
1376 609 1458 686 parit

362 713 480 780 excepta,
502 725 587 780 quam
609 725 709 762 ranam
732 713 845 774 uocant·
867 724 956 781 quem
970 724 1056 764 usum
1077 715 1273 785 propagatum
1292 705 1456 764 invenimus

361 802 432 860 iude
453 801 577 860 aLivio
599 803 634 860 cl.
657 818 703 876 31,
726 816 772 877 37,
798 819 828 859 1:
850 812 925 879 terga
940 803 1077 874 dantibus,
1099 805 1151 878 qui
1169 803 1248 860 modo
1266 803 1353 860 secuti
1369 813 1455 861 erant.

363 899 437 958 Aliis
456 899 527 956 locis
555 917 592 956 ex
620 900 864 957 antecedentibus
886 900 981 958 verbis
1003 901 1204 977 supplendum
1225 909 1270 960 est
1290 919 1456 976 pronomen

362 996 640 1069 demonstrativum;
669 997 841 1073 priusquam
866 1005 966 1066 autem
987 998 1042 1055 hos
1064 1016 1234 1055 enumerem
1260 997 1349 1066 locos,
1371 997 1458 1055 liceat

362 1093 435 1150 mihi
462 1093 491 1149 in
520 1093 694 1150 memoriam
724 1113 861 1153 revocare
889 1095 969 1152 illurn
998 1095 1096 1152 locum
1124 1095 1155 1151 X
1185 1111 1229 1163 22,
1259 1095 1310 1152 ubi
1336 1093 1456 1170 legitur:

363 1191 455 1266 itaque
475 1199 500 1246 ct
520 1190 660 1247 columbae
680 1211 776 1248 nouere
796 1212 832 1248 cx
853 1193 888 1248 iis
909 1191 938 1268 (i.
961 1211 985 1250 e.
1008 1190 1205 1270 accipitribus)
1220 1190 1355 1268 pericula,
1386 1191 1457 1248 urso·

363 1309 414 1365 quc
436 1286 485 1364 (sc.
509 1307 553 1356 e0‚
576 1289 592 1346 i.
615 1308 639 1346 e.
656 1287 806 1367 accipitre)
828 1290 988 1358 considunt·
1010 1310 1080 1366 ergo
1094 1291 1153 1348 hoc
1167 1290 1235 1348 loco
1259 1289 1458 1365 supplendum

364 1396 408 1444 est
437 1405 603 1461 pronomen
641 1388 905 1445 demonstrativum
934 1388 1085 1463 singularis
1120 1387 1243 1456 numeri,
1275 1405 1457 1463 quamquam

279 1477 283 1484 ¹
363 1484 513 1542 antecedit
534 1493 563 1541 et
584 1484 799 1541 substantivum
820 1485 916 1560 ipsum
939 1494 968 1542 et
998 1503 1164 1560 pronomen
1194 1503 1249 1560 pro
1270 1503 1308 1541 eo
1328 1484 1458 1559 positum

363 1579 466 1656 plurali
487 1598 619 1648 numer0,
651 1599 710 1656 qua
740 1581 779 1638 de
807 1600 896 1639 causa
918 1582 976 1639 hoc
997 1582 1166 1658 exemplum
1192 1581 1324 1638 medium
1346 1580 1458 1637 obtinet

363 1678 462 1735 locum
483 1678 557 1734 inter
579 1696 622 1745 ea,
644 1677 674 1733 in
696 1677 803 1752 quibus
825 1679 1048 1749 substantivum,
1079 1688 1108 1737 et
1129 1679 1205 1737 inter
1227 1698 1270 1747 ea,
1301 1678 1331 1735 in
1353 1677 1459 1753 quibus

363 1792 530 1849 pronomen
552 1773 701 1830 omittitur.
733 1773 879 1831 Conferas'
897 1775 984 1832 velim
1006 1794 1073 1832 curn
1094 1776 1152 1832 hoc
1173 1776 1239 1832 loco
1261 1775 1341 1831 illum
1363 1773 1459 1830 Livia·

363 1889 435 1927 num
457 1888 484 1942 4,
506 1869 552 1939 oo,
579 1887 589 1926 1
605 1870 761 1945 fatentibus
783 1869 832 1948 (sc.
848 1869 903 1949 iis),
926 1891 992 1928 cum
1014 1872 1170 1929 antecedat
1190 1871 1285 1946 plebe,
1307 1871 1358 1947 qui
1378 1871 1460 1929 locus

364 1966 433 2024 ideo
455 1968 551 2024 minus
572 1967 701 2024 insolens
723 1976 767 2024 est
781 1986 872 2042 quarn
894 1957 1051 2034 Plinianus,
1075 1968 1157 2042 quod
1179 1976 1211 2024 ut
1232 1967 1287 2036 hic,
1309 1968 1350 2025 ita
1371 1986 1460 2042 saepe

365 2064 505 2139 imprimis
527 2066 607 2139 apud
630 2064 753 2132 Livium,
775 2072 808 2120 ut
828 2063 887 2120 iam
909 2082 996 2139 supra
1011 2064 1144 2134 vidimus,
1167 2065 1350 2122 collectivum
1373 2083 1459 2122 uoca-

364 2161 466 2217 bulum
488 2160 639 2235 singularis
653 2160 768 2216 numeri
783 2160 913 2236 sequitur
926 2161 1052 2236 pluralis.
1096 2162 1152 2219 His
1167 2162 1366 2238 adiunguntur
1387 2162 1462 2220 aliae

366 2256 538 2313 omissiones
560 2255 743 2330 pronominis
758 2256 910 2326 faciliores,
933 2258 1012 2315 velut
1026 2259 1166 2334 scriptum
1181 2259 1315 2315 videmus
1329 2258 1359 2314 in
1375 2258 1460 2316 Caes

366 2353 393 2409 b.
416 2372 440 2428 g.
464 2352 508 2408 IV
534 2368 566 2407 12
590 2372 683 2408 rursus
704 2355 886 2412 resistentibus
907 2353 958 2432 (sc.
980 2353 1099 2432 nostris)
1130 2355 1323 2413 consuetudine
1352 2375 1404 2411 surr
1424 2356 1466 2412 ad

359 2449 443 2525 pedes
458 2448 632 2515 desiluerunt,
649 2469 716 2507 cum
731 2453 892 2510 antecedit:
909 2453 985 2510 cecicit
995 2454 1155 2510 timentibus
1169 2453 1282 2520 ηοείνίε,1
1304 2452 1349 2508 vel
1364 2451 1462 2526 plures

366 2547 422 2605 loci
445 2545 565 2604 Liviani,
615 2548 702 2605 Haec
723 2550 879 2623 praefatus
901 2559 941 2618 ut,
964 2559 1110 2625 quatenus
1132 2549 1241 2606 Plinius
1263 2551 1321 2606 hoc
1343 2548 1463 2606 dicendi

366 2662 475 2720 genere
502 2652 607 2712 utatur,
637 2645 848 2714 demonstrem,
878 2665 914 2702 ex
943 2645 1017 2702 illius
1048 2645 1156 2718 scripto
1187 2645 1324 2719 exempla
1352 2646 1463 2702 addam

366 2741 449 2809 haec,
471 2740 501 2796 iu
523 2740 629 2815 quibus
660 2740 801 2798 ablativus
830 2760 866 2798 ex
897 2740 1086 2798 antecedenti
1107 2741 1253 2798 vocabulo
1279 2741 1463 2816 supplendus

367 2845 426 2894 est:
448 2837 478 2892 X
501 2851 537 2911 75
567 2857 614 2892 uec
645 2837 716 2893 cende
743 2840 857 2894 actitant
877 2859 981 2913 quoquc
1001 2838 1103 2896 abeant
1122 2848 1295 2914 compertum,
1318 2858 1463 2912 uunquam

367 2933 511 3007 conspectis
532 2930 582 3009 (se.
605 2933 646 3002 iis,
668 2934 684 2989 i.
701 2953 725 2990 e.
740 2932 855 3011 avibus)
878 2935 936 2992 ursi
953 2956 1014 2992 cum
1029 2937 1172 3013 praesideo
1193 2956 1287 2991 carum
1310 2935 1464 3010 indigetem·

367 3031 398 3087 X
420 3045 469 3104 173
496 3039 566 3087 stato
597 3031 630 3087 id
647 3040 763 3106 tempere
783 3032 880 3098 euenit,
911 3033 1043 3090 cientibus
1074 3031 1125 3110 (se.
1155 3033 1196 3100 iis,
1225 3032 1242 3088 i.
1268 3051 1292 3088 e.
1322 3027 1464 3107 maribus)

368 3128 410 3185 ad
426 3129 526 3184 coctum
539 3129 680 3202 firminus·
711 3147 756 3200 199
778 3129 844 3202 quia
866 3129 961 3204 replete
983 3129 1033 3204 (sc.
1057 3149 1102 3198 eo,
1124 3129 1140 3184 i.
1164 3147 1188 3185 e.
1213 3126 1379 3205 stomacho)
1395 3139 1464 3202 prc-

361 3235 427 3302 pter
445 3226 589 3300 crzgusic'as
608 3226 794 3301 supprimitur
812 3225 901 3295 cibum
934 3241 990 3299 205
1013 3234 1038 3281 ct
1052 3237 1108 3300 per
1127 3224 1223 3281 uolutus
1244 3226 1326 3281 etcum
1341 3233 1465 3300 exempto

370 3321 419 3400 (se.
442 3341 487 3391 eu,
509 3323 525 3379 i.
548 3342 572 3379 e.
595 3320 684 3400 liene)
707 3321 795 3378 ut'ucre
816 3316 1103 3390 animalia'tradunt,·
1126 3337 1185 3379 220
1198 3321 1385 3396 praecisisque
1407 3318 1464 3397 (ar-

369 3417 458 3494 teriis)
480 3419 605 3495 torpescit
624 3428 732 3476 tantum
748 3431 820 3495 pars
840 3440 872 3475 ea
893 3419 1025 3493 corporis·
1060 3419 1139 3475 XIII
1161 3435 1199 3492 39
1231 3417 1318 3474 dulcis
1346 3416 1467 3474 medulla

369 3538 463 3575 carum
485 3518 514 3574 in
536 3516 686 3582 cacumine,
714 3516 790 3592 quod
807 3516 941 3572 cerebrum
963 3515 1110 3591 appellant,
1139 3522 1319 3589 exemptaque
1345 3516 1466 3584 uc'mcnt,·

369 3615 461 3672 XVII
484 3629 517 3688 51
544 3614 703 3670 recitantium
732 3613 831 3670 alc'tum
860 3614 993 3670 damnato
1015 3612 1127 3689 (fimo),·
1156 3611 1250 3668 XXII
1279 3609 1316 3686 65
1340 3612 1464 3687 perdices

369 3723 394 3769 ct
410 3712 577 3788 gallinacios
592 3713 771 3786 pugnatiorcs
782 3711 856 3784 sieri
866 3719 974 3786 putant
993 3711 1023 3766 iu
1051 3709 1142 3765 cibum
1164 3728 1256 3765 eorum
1287 3708 1392 3764 additis
1414 3706 1465 3785 (se.

370 3809 488 3867 ramulis
515 3809 559 3865 vel
582 3809 656 3866 loliis
681 3805 872 3884 adiantanis);
901 3807 1025 3864 XXXII
1056 3821 1090 3880 51
1117 3806 1189 3863 mira
1211 3805 1243 3861 de
1264 3805 1298 3862 iis
1320 3806 1348 3882 (i.
1372 3824 1395 3862 e.
1418 3824 1467 3861 ru-

371 3906 458 3984 betis)
481 3907 602 3964 certatim
624 3906 740 3962 tradunt
760 3915 892 3962 auctores:
923 3904 1020 3963 inlatis
1040 3905 1070 3961 in
1085 3904 1222 3981 populum
1243 3902 1383 3960 silentium
1396 3901 1472 3975 sieri

372 4004 422 4080 (sc.
445 4000 575 4079 rubetis).

478 4099 551 4157 Aliis
572 4098 642 4155 locis
665 4098 776 4156 maiore
797 4099 859 4155 iure
881 4098 996 4156 dativus
1018 4117 1102 4156 casus
1123 4096 1297 4154 statuendus
1325 4103 1369 4151 est
1390 4094 1470 4150 velut

372 4197 418 4253 XI
442 4197 498 4252 218
521 4215 567 4251 nec
588 4195 621 4251 ut
640 4192 744 4271 (nervi)
766 4186 923 4250 soic'dautur
942 4195 1030 4263 incisi,
1054 4195 1207 4266 mirumque
1222 4190 1372 4247 uccluemtis
1391 4209 1468 4246 sum-

374 4313 434 4350 mus
455 4292 538 4361 dolor,
554 4293 701 4368 praesectis
723 4290 829 4359 uiuus,-
851 4305 888 4364 47
911 4290 1069 4348 hominibus
1088 4290 1143 4346 lati
1162 4287 1286 4366 (ungues
1301 4285 1380 4363 sunt)
1405 4333 1410 4344 .
1433 4332 1438 4343 .
1464 4333 1469 4344 .

373 4400 399 4450 ct
418 4390 542 4465 defuncto
563 4398 689 4458 crescunt,
712 4388 761 4445 ubi
783 4407 819 4446 eo
834 4388 925 4466 magis
941 4387 1072 4447 dativum
1087 4387 1248 4455 maluerim,
1271 4404 1331 4462 quo
1353 4385 1471 4461 saepius
