3188 5212
839 449 1013 504 ..16-

487 630 563 688 Cum
585 628 637 686 illis
658 626 730 685 locis
752 625 890 684 Plinianis
912 624 1068 684 contuleris
1092 624 1181 681 etiarn
1202 623 1261 681 Cic.
1285 621 1344 679 Aa.
1370 636 1418 689 12,
1446 635 1487 693 30

380 730 492 789 Securae
522 725 639 784 Claudii
667 722 717 801 (sc,
743 723 853 801 uxoris)
878 733 979 800 pater,¹
1013 723 1058 779 vel
1091 738 1133 791 12,
1157 737 1190 777 21
1220 719 1309 777 Ouiae
1336 720 1367 778 C.
1389 717 1491 776 Lollii

379 823 510 906 (uxoris).

419 1056 451 1133 b)
494 1056 642 1114 Desunt
663 1053 924 1122 substantiva,
946 1072 1039 1127 quae
1068 1060 1201 1128 regunt
1221 1050 1441 1126 genetivum

823 1149 1033 1226 qualitatis.

486 1300 605 1357 Deinde
614 1299 750 1375 genetivo
761 1297 907 1374 qualitatis
922 1297 1087 1353 indicantur
1101 1294 1290 1352 substantiva.
1311 1294 1401 1368 Apud
1420 1293 1483 1348 Pli-
1557 1307 1558 1380 ζ

379 1399 461 1455 nium
477 1399 556 1456 enim
571 1416 661 1473 saepe
681 1397 832 1472 genetivus
848 1395 994 1470 qualitatis
1009 1412 1070 1449 non
1085 1395 1177 1450 modo
1192 1392 1359 1468 adiungitur
1373 1392 1484 1466 appel·
1557 1421 1558 1474 3

381 1495 474 1552 lativis
489 1495 667 1562 nominibus,
686 1493 755 1550 utin
767 1502 867 1549 nostra
881 1492 979 1568 lingua
990 1500 1019 1548 et
1033 1491 1208 1566 plerumque
1226 1491 1306 1565 apud
1322 1489 1483 1546 Romanos
1557 1499 1558 1570 l

379 1591 420 1660 fit,
443 1591 496 1648 sed
519 1589 605 1646 etiam
621 1589 791 1646 nominibus
805 1588 937 1664 propriiS,
960 1588 1062 1662 quain
1077 1606 1108 1644 re
1123 1587 1330 1663 distinguenda
1346 1594 1414 1650 sunt
1443 1605 1482 1642 ea
1557 1597 1558 1608 ¹

380 1687 524 1763 exempla,
548 1686 576 1742 in
599 1686 705 1761 quibus
727 1703 758 1741 re
779 1704 848 1742 vera
870 1685 963 1760 agitur
983 1685 1022 1742 de
1043 1685 1130 1741 bonis
1151 1684 1249 1754 animi,
1272 1685 1309 1741 ab
1331 1685 1372 1751 iia,
1398 1701 1483 1758 quae
1557 1665 1558 1710 l

378 1792 503 1843 tractant
523 1801 616 1858 genus
638 1791 667 1839 et
686 1782 828 1858 originem
843 1782 963 1839 alicuius
977 1782 1112 1839 hominis.
1155 1781 1204 1839 Ad
1219 1783 1347 1857 priorem
1361 1790 1481 1857 partem

378 1883 527 1957 pertinent
554 1881 640 1937 huius
668 1880 751 1936 modi
780 1880 916 1954 exempla
938 1879 983 1935 IX
1006 1895 1043 1952 39
1072 1888 1097 1935 ct
1125 1879 1283 1954 repositoria
1311 1879 1354 1936 lu‘s
1383 1881 1483 1936 nesure

384 1977 524 2036 Caruilius
544 1976 633 2034 Pollio
654 1977 775 2034 instituit
787 1977 906 2051 prodigi
923 1985 948 2031 et
966 1978 1074 2051 sagacis
1095 1978 1137 2033 ad
1147 1977 1278 2034 luxuriae
1294 1978 1481 2034 iustrumenta

379 2076 475 2150 ingeni
494 2094 531 2131 sc.
547 2075 590 2130 vir
610 2075 656 2130 vel
677 2074 777 2141 homa,
800 2092 877 2149 quae
898 2074 1024 2147 primum
1047 2075 1168 2149 quidem
1183 2075 1325 2131 deliciunt
1339 2076 1480 2132 substan·

379 2172 437 2229 tiva
457 2171 594 2246 genetivo
615 2171 758 2243 indicata;
781 2190 858 2246 quae
879 2171 1069 2248 brachylogia
1090 2191 1107 2228 a
1125 2172 1269 2230 Cicerone
1290 2173 1424 2246 quamvis
1448 2174 1480 2228 in
1557 2215 1558 2234 t

379 2267 507 2324 ablativo
536 2266 690 2342 qualitatis,
721 2276 822 2324 tamen
850 2285 912 2323 non
941 2267 970 2322 in
999 2269 1135 2343 genetivo
1162 2269 1295 2325 adhiberi
1324 2267 1478 2345 videtur1).

379 2363 438 2422 Sed
460 2363 538 2422 hanc
560 2372 735 2422 structuram
756 2365 919 2441 neglectam
942 2383 1003 2421 non
1025 2383 1090 2423 esse
1111 2365 1270 2423 aCaesare
1292 2366 1381 2423 docet
1394 2366 1479 2422 locus

378 2462 406 2518 b.
421 2481 446 2537 g.
478 2460 540 2519 Vi)
561 2462 715 2536 quodcum
737 2463 867 2538 cupidum
890 2463 1006 2537 iutparii,
1030 2463 1130 2537 magui
1147 2463 1245 2532 animi,
1268 2482 1387 2538 magnae
1407 2463 1483 2519 inter

384 2556 481 2614 Gallos
501 2559 673 2614 auctoritatis
694 2566 884 2633 cognoverant,
913 2557 963 2612 ubi
984 2557 1130 2630 mitigatur
1156 2558 1323 2632 appellativi
1348 2557 1479 2616 nominis

379 2653 499 2711 omissio
528 2655 705 2729 pronomine
737 2651 976 2710 demonstrativa.
1021 2651 1103 2708 Alios
1134 2653 1216 2710 locos
1244 2656 1330 2712 nobis
1353 2656 1479 2731 praebet

380 2750 486 2808 Livius.
509 2752 543 2808 ci.
567 2766 612 2824 30,
630 2764 646 2823 7
669 2758 801 2824 quattuor
820 2747 900 2805 melta
926 2746 1118 2806 Celtiberarum
1134 2795 1139 2806 .
1156 2795 1186 2807 ..
1211 2753 1332 2827 egregiae
1356 2753 1477 2818 ur'rtutis,

379 2846 425 2903 vel
447 2845 493 2919 38,
510 2863 546 2918 24
569 2849 688 2903 centuria
704 2890 708 2901 .
726 2891 753 2902 ..
776 2855 801 2901 ct
821 2845 947 2902 libidinis
967 2854 993 2901 et
1011 2848 1149 2904 aaronitae
1170 2845 1337 2926 militaru2).

486 2943 535 2999 Ad
557 2942 679 3001 alteram
693 2951 814 3018 -partem
835 2943 944 3002 idonea
965 2953 1033 3001 suut
1054 2945 1128 3002 haec
1150 2945 1294 3020 exempla,
1317 2945 1346 3002 in
1371 2947 1479 3022 quibus

378 3039 516 3114 genetivo
538 3039 652 3096 nomini
672 3042 791 3116 proprio
813 3041 916 3099 addito
938 3042 1117 3118 significatur
1137 3042 1259 3099 facultas
1280 3042 1401 3101 alicuius
1427 3045 1478 3111 rei,

381 3137 458 3194 velut
480 3136 526 3194 IX
546 3136 583 3194 28
605 3157 675 3212 quae
686 3138 809 3212 faciunt,
835 3149 866 3195 ut
878 3139 1006 3196 credatur
1016 3138 1148 3194 Aaronem
1164 3158 1268 3213 quoque
1282 3139 1480 3196 citharoedicae

379 3234 447 3290 artis
470 3231 519 3312 (sc.
542 3232 667 3312 virum).
684 3280 689 3291 .
706 3281 712 3291 .
735 3237 764 3292 iu
786 3235 852 3292 litus
858 3245 1015 3310 pervectum
1032 3233 1134 3313 (esse);
1151 3235 1196 3292 vel
1206 3235 1297 3292 XXV
1309 3249 1325 3308 7
1336 3236 1478 3293 Lenaeum

376 3331 578 3406 grammatino
598 3332 675 3397 artes,
692 3350 752 3407 quo
767 3333 893 3406 pertinet
907 3331 978 3388 illud
990 3331 1224 3401 Ciceronianam,
1242 3334 1324 3408 quod
1338 3335 1479 3410 scriptum

353 3439 357 3448 “
380 3427 514 3486 videmus
535 3428 566 3485 in
588 3429 669 3486 Bruti
688 3448 711 3486 c.
729 3428 765 3502 83
793 3428 938 3488 Clearr'sius
959 3429 1109 3486 multarum
1132 3431 1289 3488 arationum
1312 3428 1406 3506 (erat),
1431 3429 1479 3486 vel

380 3523 548 3581 Livianum:
584 3526 840 3600 35,31Zena...
876 3546 994 3602 maguae
1028 3527 1060 3583 ab
1094 3528 1233 3602 eleganter
1264 3534 1355 3582 actam
1391 3527 1479 3583 ar'tam

380 3622 559 3679 auctoritatis.

488 3718 650 3778 Genetivus
677 3721 794 3798 originis
823 3721 869 3778 vel
898 3721 1013 3797 generis
1034 3721 1078 3779 his
1100 3721 1171 3779 locis
1193 3721 1332 3780 Plinianis
1354 3722 1478 3781 coniun-

380 3815 455 3891 gitur
476 3834 543 3873 cum
564 3817 696 3875 nomime
717 3818 850 3893 proprio:
882 3817 912 3874 X
928 3832 961 3892 71
991 3817 1111 3876 Caecina
1139 3818 1331 3876 Volaterranos
1352 3819 1480 3895 equestris
1557 3813 1558 3868 l

381 3912 498 3987 ordiru's;
520 3911 655 3972 V11186
676 3914 710 3970 L.
732 3915 877 3971 Domitius
897 3915 1065 3974 clarissimae
1081 3917 1189 3992 gentis,·
1216 3915 1269 3989 187
1292 3915 1336 3972 M.
1358 3915 1479 3991 Lepidm
1557 3917 1558 3926 ’

382 4008 568 4067 rrabelrise'mae
576 4011 679 4086 stirpis,
697 4011 779 4069 cuius
797 4012 837 4068 rei
855 4012 981 4087 primum
992 4014 1160 4088 exemplum
1171 4032 1232 4069 non
1247 4011 1303 4068 nisi
1313 4011 1343 4068 in
1355 4013 1478 4070 Liviana
1557 4005 1558 4090 l

381 4105 489 4182 scripto
510 4108 683 4177 invenimus,
707 4107 758 4183 qui
778 4109 848 4165 dicit
872 4124 898 4182 3,
917 4122 954 4182 37
969 4109 1003 4166 L.
1023 4109 1206 4183 Tarquitium,
1221 4109 1361 4183 patriciae
1380 4108 1476 4184 geretis,
1557 4101 1558 4158 j

492 4350 516 4418 1)
535 4353 566 4404 cf.
585 4354 619 4404 A.
639 4352 794 4414 Draegerum
813 4352 828 4404 l.
849 4352 864 4406 l.
888 4319 1027 4418 Iptqeb.
1557 4427 1558 4432 1

490 4443 516 4504 2)
535 4442 566 4492 cl.
577 4439 668 4493 Thom.
680 4440 903 4493 Ruddimannurn:
914 4441 996 4494 Instit.
1007 4456 1109 4504 gramm.
1120 4440 1151 4489 de
1162 4441 1280 4504 regimine
1292 4457 1315 4506 p.
1329 4453 1360 4505 59
1373 4449 1424 4493 not.
1436 4453 1477 4504 37·
1557 4477 1558 4504 1
