3188 5212
631 448 811 499 ,23-

163 626 245 684 quae
266 607 411 676 dIcuntur,
432 608 462 664 in
485 617 555 665 ·tor
576 617 606 665 et
626 609 713 664 ·trix
735 609 873 666 exeuntia
887 608 981 665 vicem
996 608 1129 666 obtinere
1144 608 1264 666 adiecti·

163 724 271 763 vorum
286 704 365 762 velut
385 703 540 761 XXXVII
564 720 617 761 201
642 704 731 761 Italia
752 705 853 760 reatris·
866 715 1022 779 parensque
1043 704 1145 762 mundi
1163 704 1263 778 altera;

163 802 213 860 vel
234 801 296 859 VII
319 800 356 875 56
377 801 497 876 adeoque
516 802 703 876 tempestivam
718 802 932 859 admirationem
957 800 1061 867 intulit,
1086 811 1116 858 ut
1136 800 1182 858 ille
1194 813 1263 878 pro·

162 900 407 975 scn'ptoranimns
422 897 558 976 (Antonii
580 898 740 977 triumviri).
784 899 854 956 Hoc
867 899 934 957 loco
956 899 1028 955 mihi
1048 899 1079 955 in
1101 899 1200 957 animo
1221 907 1265 956 est

164 997 318 1072 disputare
333 997 371 1054 de
387 996 574 1071 appositione
589 1016 627 1054 ex
641 997 787 1055 adiectivo
803 998 995 1066 conformata,
1018 997 1101 1072 quod
1115 996 1263 1066 miramur,

164 1114 235 1152 cum
256 1095 327 1153 alias
348 1092 496 1170 appositio
519 1103 563 1152 est
594 1094 817 1164 substantivum,
849 1094 899 1170 qui
929 1113 999 1152 usus
1031 1093 1149 1151 dicendi
1170 1112 1206 1151 ex
1228 1112 1264 1151 ea

164 1192 381 1250 consuetudine
411 1198 491 1249 ortus
521 1209 585 1249 esse
616 1191 738 1261 videtur,
777 1210 867 1268 quam
902 1191 995 1267 ipsam
1031 1208 1153 1266 quoque
1182 1191 1263 1266 apud

164 1288 292 1345 Plinium
328 1287 509 1361 invenimus;
547 1306 630 1345 more
668 1288 745 1345 enim
781 1289 897 1364 rituque
930 1297 1085 1363 poetarum
1117 1286 1263 1346 adiectiva

164 1383 360 1460 appositionis
381 1385 448 1441 loco
469 1385 596 1442 breviter
617 1385 768 1461 coniungit
789 1403 857 1442 cum
877 1385 1047 1443 nominibus
1067 1384 1199 1460 propriis.
1226 1386 1262 1442 ef.

163 1481 244 1539 VIII
280 1497 334 1554 144
371 1480 521 1542 Volcatium
553 1481 678 1551 nobilem,
710 1483 761 1557 qui
790 1480 952 1539 Cascellium
983 1483 1027 1538 ins
1056 1481 1135 1539 crne'le
1163 1481 1262 1539 docuit.

164 1579 258 1636 Porro
280 1579 480 1654 praetermitto
500 1580 644 1638 faciliores
665 1580 729 1638 illos
750 1581 840 1649 locos,
863 1579 913 1656 qui
934 1588 1050 1638 exstant
1075 1580 1104 1637 in
1126 1581 1264 1639 omnibus

164 1675 244 1733 libris
266 1675 404 1734 Plinianis
426 1676 506 1734 velut
526 1677 649 1734 XXXV
674 1693 725 1734 111
750 1678 949 1735 adnumeratur
970 1678 1014 1734 lu's
1033 1686 1059 1734 et
1085 1678 1264 1753 Nicophanes

163 1771 273 1849 elegans
293 1794 327 1830 ac
346 1775 497 1831 concinnus
511 1775 559 1843 ita,
583 1783 615 1830 ut
626 1782 690 1843 etc,
712 1774 829 1850 saepius
850 1771 935 1841 iniis,
958 1774 1009 1850 qui
1023 1775 1061 1832 de
1075 1774 1262 1851 geographia,

162 1869 272 1945 plantis
293 1879 384 1946 atque
406 1871 581 1929 animalibus
611 1881 710 1948 agunt,
741 1871 820 1928 libris
842 1871 921 1928 velut
942 1870 987 1928 IV
1012 1887 1068 1929 110
1088 1892 1107 1927 a
1127 1871 1266 1948 Pyrenaei

157 1969 352 2042 promontorio
366 1967 513 2044 Hcipania
521 1969 628 2044 incipit,
642 1969 849 2044 angmtr'ornon
862 1967 976 2038 Gallia·
998 1969 1048 2025 IX
1052 1972 1089 2040 48
1100 1966 1263 2045 melandrya

164 2073 301 2121 vocantur
313 2084 424 2139 quercus
437 2065 537 2122 assulae
550 2066 670 2134 similia,-
692 2065 833 2123 XXVIII
848 2081 903 2140 119
927 2085 964 2122 ex
977 2065 1070 2122 cadem
1079 2065 1263 2124 similitudine

162 2168 204 2215 est
221 2161 313 2217 sinens
334 2206 339 2217 .
363 2205 368 2218 .
392 2207 398 2217 .
421 2162 569 2220 candidior
596 2171 687 2219 autem
708 2171 735 2219 et
763 2163 883 2219 tenuiore
903 2171 976 2232 cute·
1007 2163 1210 2240 imprimisque
1230 2163 1262 2220 ln
1330 2221 1340 2245 a

163 2254 244 2313 libris
265 2257 303 2314 de
324 2259 472 2317 medicina
492 2260 654 2336 agentibus
685 2260 721 2317 cl.
744 2259 822 2317 VIII
848 2274 900 2315 111
925 2260 1026 2316 evomit
1041 2259 1089 2333 sel
1113 2279 1195 2317 suum
1223 2261 1266 2318 ad

166 2351 256 2410 multa
278 2356 477 2414 medicamenta
499 2357 578 2426 utile·
608 2356 784 2414 XXXVIII
798 2377 844 2427 213
870 2356 948 2431 quod
969 2357 1104 2413 decoctum
1131 2357 1175 2413 im
1186 2357 1264 2430 jacit

163 2449 264 2507 nn'nae
284 2452 355 2522 utile,
383 2473 443 2530 quo
464 2455 593 2512 maxime
614 2452 741 2529 pertinet
761 2453 820 2510 hoc
841 2453 1011 2528 exemplum
1032 2453 1078 2510 XI
1101 2468 1159 2529 209
1186 2454 1260 2511 etin

164 2547 277 2604 muliere
293 2551 418 2625 geminos
446 2552 525 2608 sinus
554 2552 590 2609 ab
612 2561 727 2626 utraque
750 2559 833 2626 parte
862 2549 977 2607 laterum
1007 2550 1095 2620 habet,
1118 2551 1259 2626 sanciret,

162 2646 286 2720 quotiens
307 2668 383 2704 uerna
403 2649 531 2724 prinlum
552 2649 670 2706 inclusit.
714 2648 784 2706 Hoc
799 2648 917 2706 dIcendi
936 2665 1036 2724 genus,
1059 2648 1083 2706 si
1104 2648 1261 2707 conveniet

161 2743 339 2814 meminisse,
368 2746 508 2804 usitatum
538 2765 602 2805 esse
631 2746 662 2803 in
690 2747 803 2822 scriptis
833 2746 1017 2804 medicorum
1046 2745 1091 2804 his
1120 2747 1261 2821 probetur

162 2841 306 2916 exemplis
327 2861 344 2900 e
365 2843 477 2919 scriptis
499 2842 615 2919 Celsi1),
644 2841 825 2922 Scribonia),
856 2843 953 2919 Apicii
975 2840 1097 2920 Caelii⁸l
1122 2843 1259 2914 collectis,

162 2937 198 2994 ci.
232 2937 310 2995 Celsi
331 2939 359 2995 V
382 2939 427 3009 28,
463 2956 496 3013 13
532 2940 648 2997 alterum
684 2950 721 2996 est
753 2938 944 3008 subalbidum,
967 2938 1122 3012 furunculo
1151 2939 1260 3009 sr'rnile,·

162 3033 190 3090 V
213 3035 259 3101 28,
285 3051 319 3111 15
349 3038 492 3113 aspritudo
521 3038 658 3113 quaedam
680 3038 729 3113 fit,
759 3036 861 3094 similis
886 3037 921 3093 iis
942 3035 1060 3111 pusula,
1092 3056 1162 3111 quae
1191 3045 1260 3110 etc.;

161 3131 273 3188 ibidem
308 3135 450 3209 reperitur
484 3135 559 3192 r'ntus
592 3134 758 3192 exulceratio
796 3153 918 3202 mucosa,
950 3132 1034 3189 colore
1068 3133 1181 3191 humori
1210 3152 1260 3190 suo

160 3228 276 3298 semiim·
305 3230 374 3288 ibid.
411 3246 444 3306 17
474 3232 592 3289 alterum
624 3251 712 3309 genus
736 3232 816 3307 peius
845 3239 891 3297 est,
927 3229 1017 3287 simile
1044 3227 1170 3306 papulae
1199 3231 1258 3299 fere,

160 3325 211 3382 sed
247 3329 356 3402 asprins
396 3328 637 3404 rubicundiusqne,
674 3330 788 3406 figmas
823 3329 917 3386 nanas
958 3328 1067 3385 habens.
1114 3326 1259 3385 Scribonii

162 3422 313 3481 LXXXII
336 3424 486 3502 malagma,
515 3426 557 3483 ad
573 3435 693 3483 strumas
714 3435 739 3482 et
758 3446 865 3482 omnem
888 3424 1016 3482 duritiem
1040 3423 1190 3499 mirificum
1206 3469 1212 3480 .
1229 3467 1258 3480 ..

162 3521 257 3595 recepit
276 3511 357 3578 leaeo.¹
391 3522 469 3599 Ergo
499 3523 555 3581 hos
585 3522 754 3599 similesque
784 3519 879 3580 locos'
897 3522 1059 3598 neglegam,
1090 3520 1259 3597 inquibus

161 3618 260 3694 aliqua
281 3620 376 3678 tonna
396 3620 478 3677 verbi
499 3632 569 3677 esse
589 3637 732 3696 oppressa
753 3639 818 3678 esse
838 3627 943 3695 potest.

268 3716 336 3786 Sed,
367 3726 399 3773 ut
427 3719 466 3776 ad
496 3717 681 3793 propositum
711 3727 845 3776 nostrum
867 3716 1029 3785 veniamus,
1060 3713 1169 3771 Plinius
1201 3713 1260 3771 hoc

161 3813 280 3870 dicendi
301 3832 394 3890 genus
416 3815 493 3872 adeo
521 3824 617 3890 auget,
648 3825 680 3873 ut
701 3832 790 3890 saepe
821 3813 999 3872 adiectivum
1027 3812 1137 3869 eodem
1165 3810 1258 3867 modo

161 3910 303 3968 adhibeat
325 3930 360 3969 ac
380 3911 582 3988 participium:
605 3913 639 3969 cl.
656 3910 738 3969 1188
754 3911 844 3968 nostn'
862 3909 977 3967 cnnr'tas
991 3905 1124 3987 (vocant)
1146 3907 1258 3964 horren-

160 4016 198 4063 tes
217 4008 292 4064 cn'ne
304 4009 456 4084 sanguineo
470 4018 496 4065 et
508 4029 649 4066 comarum
665 4009 744 4067 modo
758 4018 785 4066 et
797 4008 920 4066 nertr'cem
935 4007 1079 4084 limpidae·
1102 4003 1257 4062 XXXVII

271 4243 294 4305 1)
313 4243 352 4294 ed.
372 4243 402 4296 C.
422 4244 586 4311 Daremberg,
606 4244 707 4310 Lipsiae
726 4241 804 4308 Ι1859.

269 4333 295 4394 2)
315 4331 347 4380 ed
365 4331 397 4383 G.
417 4331 570 4398 Helmreieh,
590 4333 692 4398 Lipsiae
714 4333 789 4396 1887.

267 4419 294 4487 3)
313 4421 351 4472 ed.
372 4419 432 4473 Chr.
452 4419 557 4489 Schuch,
577 4420 760 4484 Heidelbergae
782 4419 857 4483 1867.
