3188 5212
690 1005 745 1086 II.

158 1230 231 1310 Do
261 1228 488 1330 singulari
516 1229 723 1330 quadam
752 1230 799 1310 vi
833 1229 1257 1311 substantivorum.

417 1465 441 1510 1.
466 1450 520 1509 De
545 1448 736 1510 abstractis
761 1447 1004 1510 substantivis.

268 1609 359 1666 Porro
381 1609 423 1678 iis,
455 1628 532 1685 quae
553 1609 592 1667 de
613 1609 756 1666 brevitate
787 1609 921 1666 Pliniana
950 1611 980 1665 in
1010 1611 1181 1669 nominibus
1212 1611 1256 1668 di·

159 1707 258 1766 cenda
278 1715 354 1775 sunt,
384 1705 504 1782 adiungi
531 1714 630 1781 potest
656 1707 822 1764 observatio
844 1707 993 1782 quaedam
1015 1706 1116 1765 habita
1139 1708 1178 1765 de
1199 1709 1253 1764 ab·

157 1803 274 1863 straetis
304 1803 463 1871 vocabulis
495 1803 602 1878 quibus
623 1802 769 1871 adhibitis,
801 1821 891 1878 quam
913 1803 1101 1872 admiramur,
1122 1805 1252 1862 insolens

157 1901 279 1959 dicendi
302 1900 488 1958 consuetudo
511 1899 649 1973 eflicitur;
671 1918 706 1958 ac
727 1901 854 1976 primum
876 1901 997 1976 quidem
1019 1902 1166 1959 abstracta
1187 1902 1257 1958 sub-

156 1999 286 2058 stantiva
311 2005 380 2056 sunt
409 1997 506 2072 posita
536 2016 553 2054 a
585 1996 678 2054 Plinio
708 2015 762 2073 pro
792 1998 945 2067 concretis,
977 1999 1055 2056 velut
1085 1999 1256 2057 adustiones

157 2096 209 2174 (cf.
231 2095 292 2151 XX
313 2092 348 2152 61
372 2103 456 2150 sanat
476 2139 482 2150 .
506 2139 511 2151 .
534 2095 698 2151 ,cicatrices
727 2095 935 2170 adustionesque
960 2094 1063 2173 omnes)
1094 2104 1124 2153 et
1152 2096 1256 2154 ambu-

155 2193 270 2251 stiones
298 2191 465 2266 significant
487 2192 724 2262 Brandwunden,
756 2193 806 2268 qui
837 2211 906 2250 usus
935 2212 989 2272 per
1016 2201 1108 2251 totam
1137 2201 1258 2270 vagatur

159 2288 349 2361 latinitatem;
386 2289 420 2346 cl.
452 2289 572 2346 Terent.
609 2289 666 2346 Ad.
699 2304 756 2365 739
787 2288 937 2365 corruptela
967 2291 983 2346 i.
1020 2307 1044 2346 e.
1080 2290 1256 2366 corruptrix;

160 2387 256 2444 Plaut.
286 2385 391 2444 Pseud.
423 2385 461 2459 64
491 2387 603 2443 scroi'n'a
634 2387 651 2442 i.
679 2405 703 2444 e.
729 2386 817 2458 servi;
849 2386 908 2443 Cie.
939 2404 981 2461 pr.
1009 2386 1116 2444 Flacco
1143 2387 1180 2460 38
1201 2407 1256 2443 scr·

157 2485 230 2541 oc'tc'cr
251 2483 370 2552 sz'lcant,·
401 2483 460 2542 Cic.
483 2502 511 2559 p.
534 2482 621 2540 Rosc.
661 2498 694 2557 15
717 2491 747 2539 et
767 2501 808 2558 pr.
831 2481 958 2539 Murena
979 2496 1017 2556 47
1041 2483 1171 2540 accinctas
1191 2483 1208 2540 i.
1231 2502 1255 2540 e.

154 2581 258 2652 vieini,
291 2600 367 2657 quae
389 2581 524 2656 exempla
554 2581 650 2638 multis
681 2581 742 2638 aliis
764 2580 863 2657 augeri
884 2577 1045 2657 possunt1).
1088 2579 1178 2637 Hanc
1199 2581 1254 2637 ab·

154 2688 331 2738 structorum
351 2679 596 2736 consuetudinem
611 2697 718 2754 magna
733 2697 802 2735 cum
816 2678 933 2736 licentia
947 2678 1121 2754 propagavit
1135 2677 1254 2746 Plinius,

154 2777 386 2854 quamprimum
404 2776 525 2852 quidem
540 2776 724 2834 substantiva
733 2777 881 2834 abstracta
897 2794 1009 2851 ponere
1030 2794 1084 2851 pro
1106 2774 1256 2832 adieetivis

153 2894 225 2933 cum
244 2874 426 2932 substantivo
445 2873 573 2931 hominis
593 2873 757 2931 coniunctis
782 2873 828 2932 his
850 2875 1070 2932 demonstretur
1096 2871 1254 2947 exemplis:

154 2973 205 3030 IX
219 2978 253 3028 26
272 2972 393 3028 incuriae
406 2979 574 3047 potestatum
591 2968 682 3048 (quae
703 2971 788 3028 lectio
804 2979 833 3028 et
848 2990 884 3028 ex
906 2970 1118 3029 sententiarum
1138 2987 1255 3027 conexu

154 3076 188 3125 et
208 3087 245 3125 ex
266 3075 410 3126 structura
430 3067 622 3143 grammatica
643 3075 723 3125 recta
745 3064 801 3144 est)
823 3068 840 3124 i.
863 3086 887 3124 e.
910 3067 1066 3124 hominum
1087 3066 1254 3142 potentium

154 3165 204 3222 vel
234 3164 331 3240 potius
361 3164 389 3222 h.
416 3171 563 3239 potestate
594 3164 772 3232 indutorum,
804 3165 834 3220 in
864 3163 1009 3239 hospitales
1042 3165 1084 3221 ad
1111 3163 1254 3220 oriendum

154 3264 324 3320 venientium
345 3264 538 3340 Hipponenses
566 3263 596 3319 iu
628 3282 716 3318 necem
747 3261 804 3318 eius
833 3262 1028 3336 compulerunt.
1069 3260 1214 3317 XXXIII
1241 3276 1251 3316 1

153 3360 277 3418 tellurem
308 3361 383 3417 intus
413 3360 571 3434 exquirente
599 3379 665 3414 curo
693 3357 721 3435 (i.
743 3377 767 3416 e.
799 3355 921 3417 homine
942 3356 1077 3436 sollicito)
1105 3356 1257 3433 multiplici

157 3456 247 3526 modo,
263 3458 362 3533 quippe
375 3456 449 3514 alibi
460 3455 688 3530 dioc'tz'zsforiitur
699 3464 842 3530 quaerente
857 3456 915 3512 orta
931 3452 1105 3530 (quaerente
1119 3452 1253 3532 homine)

152 3571 258 3611 nurum
288 3563 448 3630 argentum·
479 3555 524 3611 vel
547 3552 691 3610 XXXIII
714 3568 730 3626 3
753 3573 891 3628 quousque
912 3562 1094 3628 penetratura
1122 3552 1253 3609 anania.

153 3650 294 3709 Similiter
308 3651 396 3709 etiarn
411 3650 586 3708 conformati
601 3657 669 3707 sunt
683 3649 714 3705 hi
729 3649 801 3706 loci:
823 3649 913 3724 prael.
934 3661 967 3720 17
983 3649 1096 3704 adrectis
1112 3647 1253 3722 plnn'rnis,

155 3768 227 3823 quas
247 3757 298 3805 aut
318 3749 448 3824 ignorant
468 3747 576 3822 priores
602 3756 654 3804 aut
666 3755 764 3822 postea
786 3747 928 3802 inuenerat
949 3745 1007 3801 octo
1032 3745 1049 3802 i.
1072 3763 1096 3800 e.
1119 3743 1255 3800 homines

153 3847 187 3902 in
208 3864 293 3903 usum
316 3847 407 3919 vitae;
433 3860 486 3918 123
503 3865 539 3901 ex
558 3844 720 3900 secundario
743 3840 859 3920 (minio)
882 3842 989 3898 inuenit
1009 3841 1068 3897 oc'to
1089 3849 1114 3896 et
1133 3839 1251 3915 hydrar-

148 3962 268 4020 gyrum,·
294 3955 348 4016 147
364 3961 411 3998 nec
425 3942 503 4018 copi'a
518 3941 628 4016 argenti
645 3949 755 3996 tantum
767 3939 845 4013 sun't
863 3939 936 4006 oc'ta,·
958 3936 1036 3994 VIII
1056 3950 1109 4011 147
1125 3935 1253 4011 plun'ma

152 4039 216 4096 alra
230 4040 260 4096 iu
281 4040 324 4095 tn's
338 4039 435 4096 cotidie
449 4040 508 4096 octo
523 4031 635 4095 inuenit.
668 4038 802 4096 Insolens
825 4037 912 4095 etiam
928 4045 971 4093 est
992 4036 1074 4093 locus
1095 4034 1216 4091 XXXV
1232 4049 1248 4107 3

152 4135 275 4212 qualiter
307 4134 368 4192 illos
403 4136 482 4192 nasci
514 4144 650 4210 optassent
677 4133 789 4192 delicicn
818 4134 834 4190 i.
866 4152 890 4190 e.
922 4131 1058 4191 homines
1095 4131 1250 4198 libidinosi,

264 4373 287 4431 1)
306 4371 337 4421 cl.
351 4373 382 4418 A.
395 4369 576 4432 Draegeruml.
587 4369 603 4422 Ι,
622 4370 636 4417 Ι
655 4385 680 4434 p.
696 4367 739 4436 183
760 4370 795 4420 R.
810 4366 977 4416 Kuehnerum
995 4365 1012 4417 l.
1028 4365 1044 4417 l.
1064 4381 1088 4429 p.
1105 4375 1136 4428 57
1156 4373 1207 4414 not.
1222 4375 1253 4429 53

154 4457 190 4508 O.
211 4457 420 4508 Ruddimannum
440 4457 457 4511 l.
476 4457 493 4509 l.
513 4458 540 4508 11
559 4475 585 4523 p.
605 4467 665 4522 375.
