3188 5212
510 1113 589 1198 IV.
628 1115 698 1197 De
731 1115 986 1198 verborum
1014 1115 1293 1200 omissione.

458 1325 518 1384 Sed
539 1327 715 1386 accedamus
736 1346 817 1386 nunc
843 1329 882 1387 ad
904 1329 1061 1386 verborum
1091 1327 1297 1396 omissionem,
1333 1324 1376 1382 de
1405 1337 1463 1398 qua

351 1423 461 1482 scilicet
480 1424 539 1483 iam
554 1425 754 1484 disseruerunt
769 1426 816 1484 alii
830 1426 883 1484 viri
897 1424 1097 1504 doctissimi1).
1139 1426 1287 1485 Attamen
1312 1423 1338 1482 si
1361 1423 1461 1479 denuo

352 1520 430 1578 hanc
460 1539 521 1580 rem
548 1531 777 1598 pertractaturus
805 1541 879 1592 sum,
910 1541 973 1581 non
1003 1541 1065 1582 rem
1096 1531 1193 1581 actam
1223 1539 1333 1599 agere*
1348 1519 1460 1584 videor,

353 1613 525 1692 praesertim
549 1637 617 1676 cum
643 1617 682 1676 illi
704 1616 807 1696 (Muel.
831 1617 936 1678 Grasb.
960 1617 1075 1697 Mayh.)
1106 1619 1204 1677 minus
1225 1616 1383 1676 subtiliter
1404 1613 1460 1670 dis·

351 1714 490 1772 tinxerint
513 1715 627 1791 singula
648 1715 753 1791 capita,
769 1715 936 1792 Draegerus
950 1723 1050 1774 autem
1066 1733 1248 1792 quamquam
1270 1732 1331 1791 per
1353 1711 1460 1769 multas

351 1812 472 1888 paginas
502 1812 644 1888 plurimos
674 1812 830 1888 scriptores
852 1812 1006 1871 Romanos
1034 1813 1064 1868 in
1095 1813 1308 1889 quaestionem
1341 1813 1460 1867 revocat

350 1908 613 1986 subtilissimasque
644 1910 714 1967 iacit
743 1909 955 1979 distinctiones,
987 1917 1090 1967 tamen
1116 1927 1153 1966 ex
1174 1907 1321 1967 Plinianis
1343 1901 1458 1979 scriptis

351 2007 444 2064 modo
474 2025 567 2064 unum
597 2007 643 2064 vel
674 2006 798 2064 alterum
829 2006 934 2065 alferat
969 2006 1146 2082 exemplum.
1204 2005 1300 2064 Estne
1334 2001 1456 2061 tandem

353 2103 462 2162 Plinius
492 2122 554 2163 non
582 2104 825 2162 adnumerandus
855 2104 979 2162 testibus
1010 2103 1151 2162 orationis
1172 2103 1343 2179 prosaicae,
1375 2106 1408 2156 ut
1428 2096 1456 2152 in

351 2219 508 2276 progressu
528 2200 709 2276 historiaque
723 2201 842 2276 linguae
855 2199 980 2258 Latinae
994 2218 1056 2258 non
1070 2201 1204 2258 obtineat
1223 2219 1314 2258 suum
1337 2193 1456 2255 locum?

353 2297 405 2356 Est
420 2315 506 2380 sane5
537 2317 608 2356 nam
640 2298 741 2356 omnia
771 2298 879 2374 scripta
899 2297 1005 2356 Latina
1035 2305 1135 2373 neque
1156 2315 1226 2355 vero
1256 2299 1361 2355 minus
1383 2307 1456 2368 opus

352 2395 492 2454 naturalis
513 2396 652 2454 historiae
674 2395 882 2478 observatione
903 2394 994 2472 digna
1014 2403 1045 2452 et
1065 2413 1083 2453 a
1103 2395 1198 2464 nobis
1227 2394 1251 2452 si
1271 2395 1367 2471 plene
1387 2405 1455 2466 pro·

351 2493 481 2568 positum
509 2504 644 2553 nostrum
669 2502 794 2552 tractare
820 2493 965 2561 volumus,
996 2479 1208 2568 perscrutanda
1238 2501 1326 2566 sunt3
1366 2494 1455 2562 atque

350 2590 425 2648 haec
455 2591 706 2668 disputatiuncula
736 2591 816 2649 illam
846 2590 1002 2667 syntaxim,
1045 2608 1124 2666 quae
1163 2599 1294 2660 vocatur,
1337 2587 1454 2661 linguae

352 2687 476 2746 Latinae
497 2709 515 2747 a
536 2690 687 2767 Draegero
715 2689 854 2766 scriptam
882 2689 980 2747 multis
1012 2706 1050 2746 ex
1071 2687 1156 2746 Plinii
1186 2688 1302 2765 scriptis
1324 2680 1453 2745 collectis

352 2786 494 2862 exemplis
516 2787 614 2862 augeri
635 2804 724 2862 posse
744 2786 967 2844 demonstrabit.

458 2883 518 2942 Sed
539 2885 736 2959 procedamus
768 2885 809 2942 ad
839 2884 1024 2960 propositum
1044 2892 1179 2942 nostrum
1210 2892 1303 2959 atque
1324 2880 1452 2960 primum

352 2981 474 3057 quidem
495 2983 534 3039 ad
563 2999 599 3040 ea
625 2982 724 3052 verba,
756 2999 833 3058 quae
864 2981 894 3038 in
923 2981 1060 3039 brevibus
1091 2980 1249 3038 enuntiatis
1278 2981 1454 3037 omittuntur

352 3098 451 3156 neque
472 3080 528 3138 alia
550 3081 608 3139 ulla
628 3080 759 3139 dictione
780 3080 954 3138 indicantur.

509 3439 535 3512 1)
561 3437 783 3512 supplendae
808 3441 889 3497 sunt
913 3436 1051 3498 formae
1075 3435 1176 3497 verbi
1203 3452 1290 3498 esse.

459 3613 508 3670 De
528 3613 620 3670 verbo
641 3629 706 3670 esse
720 3611 890 3688 simpliciter
905 3612 1015 3670 omisso
1031 3612 1088 3670 hoc
1102 3613 1169 3670 loco
1190 3631 1277 3688 agere
1298 3613 1330 3671 in
1352 3612 1452 3672 animo

352 3729 414 3768 non
428 3709 535 3779 habe0,
551 3728 619 3767 cum
634 3710 711 3768 hanc
726 3729 788 3767 rem
803 3710 861 3768 iam
877 3709 959 3768 multi
975 3710 1027 3766 viri
1041 3709 1204 3767 doctissimi
1219 3703 1452 3783 tractaverint2);

352 3809 411 3866 hoc
431 3817 546 3866 tantum
574 3808 703 3867 dicturus
733 3827 807 3879 sum,
839 3811 921 3885 quod
943 3808 1065 3886 quidem
1096 3808 1225 3866 maxime
1246 3808 1283 3866 sit
1303 3824 1451 3868 memora-

353 3906 418 3974 bile,
440 3905 547 3981 quibus
568 3905 598 3962 in
619 3905 690 3963 locis

463 4165 488 4234 1)
507 4168 528 4219 I.
546 4165 654 4216 Mueller
674 4165 690 4218 l.
710 4165 738 4232 1.,
757 4167 788 4218 L.
803 4164 965 4231 Grasberge'r,
987 4165 1017 4220 C.
1032 4163 1187 4231 Mayhollius
1206 4172 1281 4229 atque
1293 4165 1329 4219 A.
1341 4167 1453 4236 Draeger

356 4255 372 4307 l.
390 4253 407 4307 l.
427 4249 470 4304 2Ι
489 4269 515 4320 p.
537 4265 595 4318 195.

461 4342 488 4409 2)
507 4344 539 4397 L.
557 4341 709 4404 Grasberger
728 4341 744 4394 l.
763 4341 779 4394 l.
799 4355 824 4406 p.
847 4353 936 4408 12sq.,
967 4341 988 4393 1.
1008 4341 1116 4392 Mueller
1134 4340 1153 4395 l.
1173 4341 1189 4393 l.
1209 4358 1235 4408 p.
1256 4341 1299 4408 80,
1329 4341 1362 4396 C.
1382 4341 1451 4404 May-

353 4430 447 4480 holfius
467 4432 482 4484 l.
501 4432 518 4485 l.
538 4447 563 4500 p.
584 4432 616 4480 28
627 4447 665 4495 sq.
