3188 5212
824 419 981 468 ..5-

354 593 458 668 berger
479 593 564 651 facile
584 593 711 668 probare
731 591 861 667 potuerit
881 588 1060 648 sententiam
1082 607 1179 647 suam:
1211 589 1247 646 cf.
1269 589 1347 647 Celsi
1368 589 1449 646 1118

355 699 387 745 al
401 690 452 746 uhi
463 690 496 746 id
503 710 590 766 genus
604 689 737 745 lerlianae
752 687 804 766 (sc.
819 686 920 763 febris)
936 696 994 756 esl,·
1015 687 1062 743 111
1082 703 1116 758 14
1130 688 1157 742 si
1169 707 1230 742 uero
1244 687 1365 742 terituna
1386 731 1391 742 .
1413 730 1419 744 .
1442 732 1448 744 .

356 796 408 842 aut
420 796 561 861 quartana
575 797 633 855 est,·
649 785 697 842 ΠΙ
717 799 751 860 15
766 785 859 842 eadem
881 786 911 842 in
933 794 1074 859 quartana
1086 784 1223 858 facienda
1243 792 1314 840 sunt.
1358 783 1449 841 Partis

355 884 534 942 vocabulum
565 883 610 941 his
632 883 704 940 locis
733 883 830 940 deest:
862 881 1006 940 Scribonii
1037 900 1060 938 c.
1092 881 1107 936 Ι
1138 880 1220 936 denec
1250 881 1292 936 ad
1318 879 1450 936 drinzir'z'as

351 981 557 1055 perducantur,·
589 979 637 1036 ΙΙΙ
668 980 809 1055 decoquere
838 979 881 1035 ad
906 978 1072 1046 d1m2d2u5,·'
1095 977 1151 1034 LX
1174 986 1270 1052 postea
1300 977 1383 1032 tritae
1412 975 1454 1032 ad

355 1078 448 1134 tertius
468 1077 621 1134 admiscent
638 1078 729 1152 spicae
750 1076 842 1141 nardi,
860 1075 936 1150 quod
950 1077 1018 1131 sutis
1037 1084 1095 1143 est,·
1118 1074 1202 1131 LXV
1224 1075 1273 1130 leuc
1294 1073 1452 1148 decoquitur

355 1175 398 1230 ad
414 1174 556 1239 drinr'dicu,
580 1193 657 1250 quae
679 1172 815 1248 exempla
844 1172 929 1230 facile
959 1172 1057 1247 augeri
1079 1180 1210 1246 possunt.
1261 1171 1354 1228 Paulo
1374 1170 1450 1227 infra

355 1271 503 1329 nonnullis
525 1271 596 1328 locis
617 1271 759 1346 imprimis
773 1271 804 1326 in
825 1270 977 1344 capitibus,
994 1287 1071 1345 quae
1086 1277 1210 1325 tractant
1231 1268 1449 1343 appositionem

354 1375 385 1426 et
405 1368 562 1426 verborum
582 1367 782 1435 omissionem,
809 1366 943 1444 pluribus
973 1367 1069 1424 verbis
1099 1365 1138 1422 de
1168 1366 1225 1422 hac
1246 1384 1277 1422 re
1298 1365 1448 1422 disseram.

461 1464 520 1523 Sed
541 1474 574 1522 ut
594 1465 747 1550 veniamus
760 1542 762 1552 ἱ
777 1465 831 1546 ειᾱἶ
847 1464 1041 1546 propositum,
1072 1463 1152 1522 hunc
1182 1462 1213 1519 in
1244 1463 1368 1519 modum
1389 1460 1449 1519 dis·

354 1577 501 1636 ponamus
522 1562 676 1620 materiam
696 1555 836 1636 nostram.

608 1748 635 1806 1.
660 1747 714 1806 De
739 1744 855 1822 ellipsi
880 1745 1198 1808 substantivorum.

465 1879 487 1920 1.
510 1863 652 1921 omittitur
672 1864 839 1922 subiectum

510 1956 540 2035 a)
562 1961 705 2018 enuntiati
725 1961 854 2036 primarii
874 1961 920 2018 vel
942 1959 1115 2028 secundarii,

509 2052 541 2131 b)
563 2056 593 2112 in
614 2064 758 2114 structura
778 2057 935 2115 accusativi
956 2075 1024 2114 cum
1045 2056 1196 2123 infinitivo

510 2149 538 2229 c)
560 2152 680 2210 ablativi
701 2154 828 2220 absoluti
835 2174 842 2227 ;

462 2265 487 2305 2.
509 2249 693 2308 desideratur
713 2250 871 2320 obiectum,

461 2361 486 2420 3.
509 2347 669 2422 genetivus

460 2461 487 2517 4.
508 2444 598 2502 dictio
619 2446 887 2522 praepositionalis;

462 2556 488 2616 5.
509 2543 595 2600 deest
620 2543 845 2611 substantivum,
876 2543 900 2600 si
930 2562 967 2599 ex
989 2542 1243 2599 circumstantibus
1274 2541 1335 2598 eins
1365 2539 1448 2597 notio

353 2637 437 2695 facile
458 2639 616 2714 suppletur.

509 2735 539 2811 a)
560 2736 670 2793 desunt
691 2736 882 2812 appellativa:
904 2755 986 2805 uxor,
1008 2735 1092 2804 lilius,
1114 2735 1234 2803 amicus,

507 2830 539 2908 b)
561 2833 750 2900 substantiva,
773 2851 851 2909 quae
872 2841 975 2908 regunt
994 2833 1164 2909 genetivum
1186 2832 1341 2908 qualitatis,

509 2927 537 3005 c)
559 2929 743 2988 substantiva
764 2930 895 2988 dictione
915 2931 1156 3007 praepositionali
1177 2930 1313 2988 indicata.

460 3025 572 3083 Primus
602 3027 732 3102 sequitur
767 3046 906 3086 excursus
935 3029 1032 3086 brevis
1062 3029 1101 3085 de
1130 3026 1267 3102 genetivo
1297 3026 1448 3102 singularis

352 3121 536 3195 pronominis
557 3124 714 3198 possessivi
735 3125 865 3183 neutrius
885 3126 1007 3201 generis.

458 3214 485 3274 b.
507 3219 649 3277 omittitur
668 3222 834 3277 secundum
855 3219 1084 3295 comparationis
1105 3219 1279 3276 membrum.

341 3409 343 3414 ·
448 3388 492 3447 11.
518 3388 572 3447 De
595 3385 769 3462 singulari
795 3389 948 3462 quadam
972 3387 1008 3448 vi
1032 3388 1351 3450 substantivorum.

462 3519 485 3560 1.
507 3505 547 3561 de
567 3502 719 3563 abstractis
740 3505 936 3574 substantivis,

459 3616 484 3658 2.
506 3602 546 3659 de
567 3601 754 3676 appositione
775 3621 812 3660 ex
833 3601 979 3660 adiectivo
1001 3604 1193 3671 conformata,

507 3696 537 3776 a)
559 3698 737 3756 adiectivum
767 3699 925 3758 adhibetur
950 3700 1058 3757 eodem
1080 3701 1173 3757 modo
1198 3717 1234 3756 ac
1254 3696 1447 3773 participium,

507 3794 539 3874 b)
561 3797 709 3872 appositio
731 3797 950 3856 enuntiatorum
965 3797 1203 3856 concessivorum
1224 3795 1288 3853 vice
1309 3794 1446 3870 fungitur,

507 3891 535 3969 c)
557 3894 705 3969 appositio
727 3904 823 3954 exstat
843 3914 897 3971 pro
919 3895 1072 3954 enuntiato
1094 3893 1223 3962 relative,

501 3987 536 4066 d)
557 3990 752 4065 appositionis
773 3992 817 4050 vis
837 4001 960 4068 augetur
980 3992 1122 4050 adverbio
1143 3992 1291 4049 adiuncto.

458 4086 629 4144 Secundum
650 4086 708 4145 hoc
730 4087 797 4146 loco
818 4089 929 4146 addam
950 4107 1106 4147 excursum

461 4198 483 4238 1.
506 4183 546 4240 de
565 4182 719 4259 participio
740 4204 808 4244 cum
829 4185 977 4262 particulis
999 4186 1167 4254 coniuncte,

458 4296 483 4336 2.
506 4281 545 4337 de
566 4279 731 4339 omissione
752 4283 965 4357 particularum,
1411 4335 1415 4343 .

457 4393 483 4453 3.
505 4377 544 4436 de
565 4377 774 4437 coniunctione
794 4385 859 4449 „et“
885 4380 965 4439 idem
993 4381 1177 4458 significante
1198 4389 1288 4458 atque
1309 4377 1445 4449 „etiam.“
