3188 5212
137 810 168 872 5.
183 798 294 858 Deest
306 792 579 878 substantivum,
593 793 625 855 si
643 810 687 854 ex
704 792 1022 856 circumstantibus
1040 790 1116 855 eius
1131 791 1230 856 notio

522 900 630 962 facile
654 902 846 976 suppletur.

243 1063 302 1122 Sed
324 1062 414 1120 etiam
435 1061 496 1120 aliis
517 1062 589 1119 locis
609 1059 758 1119 brevitatis
773 1059 894 1117 dicendi
916 1077 1006 1116 causa
1029 1058 1233 1116 desiderantur

136 1160 326 1228 substantIva,
349 1161 372 1216 si
387 1159 487 1235 aliquo
508 1159 601 1216 modo
621 1157 789 1216 indicantur
809 1157 856 1214 vel
877 1175 914 1214 ex
929 1155 1073 1214 enuntiati
1087 1155 1233 1212 sententia

137 1257 276 1336 cognosci
306 1265 437 1332 possunt.
480 1255 654 1332 Priusquam
682 1264 782 1312 autem
810 1254 849 1311 ad
878 1253 936 1310 hoc
966 1260 1056 1328 caput
1077 1261 1232 1320 transeam,

136 1355 223 1412 liceat
248 1354 319 1410 mihi
347 1353 411 1411 illos
442 1354 546 1411 afferre
572 1353 661 1421 locos,
688 1351 739 1427 qui
765 1369 833 1409 cum
858 1351 1050 1426 sequentibus
1071 1357 1139 1407 sunt
1160 1366 1232 1406 con·

137 1451 260 1519 ferendi,
283 1449 390 1526 quibus
411 1468 493 1508 more
515 1448 698 1508 Graecorum
720 1447 893 1505 omittuntur

327 1684 357 1761 a)
378 1681 609 1759 appellativa
629 1699 737 1750 uxor,
759 1679 876 1748 filius,
899 1679 1040 1749 amicus,

246 1841 324 1899 quae
345 1831 374 1880 et
394 1820 531 1899 genetivo
559 1819 688 1878 nominIs
717 1820 827 1896 proprii
852 1819 921 1878 satis
947 1820 1074 1898 intellegi
1101 1826 1233 1896 possunt,

138 1923 222 1998 quod
243 1919 363 1978 dicendi
383 1937 484 1996 genus,
500 1937 682 1994 quamquam
695 1936 757 1975 non
771 1918 882 1976 orditur
896 1919 967 1976 inde
988 1918 1118 1987 aPlinio,
1133 1927 1235 1976 tamen

137 2037 201 2076 non
235 2018 353 2094 vulgare
388 2024 432 2074 est
468 2016 549 2091 apud
584 2015 714 2073 comicos
748 2023 865 2090 poetas,
901 2016 951 2090 qui
985 2016 1133 2074 nonnullis
1165 2016 1235 2074 locis

138 2115 326 2192 supprimunt
346 2114 523 2172 vocabulum
546 2113 630 2170 servi.
653 2113 688 2170 cf.
711 2112 803 2170 Plaut.
826 2113 935 2188 Amph.
958 2129 1013 2186 411
1038 2113 1160 2188 equidem
1174 2133 1235 2170 sum

137 2213 352 2289 Amphitruonis
382 2211 463 2269 Sosz'a
492 2208 542 2287 (sc.
572 2207 697 2288 servus);
730 2210 814 2268 Cure.
843 2226 901 2284 230
928 2219 999 2267 estne
1019 2211 1064 2268 liic
1083 2211 1236 2268 Palmaria

139 2309 310 2366 Phaedromi
335 2312 386 2386 (sc,
409 2307 521 2383 servus)
528 2327 535 2379 ;
564 2307 682 2364 Terent.
710 2307 788 2364 And.
816 2321 873 2382 357
895 2309 970 2382 forn
995 2308 1039 2364 ibi
1055 2309 1138 2365 leuius
1159 2307 1236 2364 ordeo

139 2407 273 2483 Byrriam
296 2407 346 2483 (se.
369 2401 506 2480 servum).
542 2403 618 2460 Cum
633 2412 732 2460 autem
747 2404 785 2460 ab
800 2403 861 2461 aliis
875 2404 1071 2479 scriptoribus
1084 2405 1235 2473 Cicerone,

139 2503 280 2580 Vergili0,
317 2501 400 2558 Livio
435 2519 649 2576 saepenumero
684 2500 807 2558 nomina
846 2499 1003 2558 affinitates
1042 2500 1236 2577 significantia

139 2602 319 2669 omittantur,
350 2597 444 2657 conici
474 2606 572 2675 potest
602 2617 664 2656 non
694 2598 750 2656 nisi
771 2598 890 2656 fortuito
911 2599 989 2656 hanc
1017 2598 1131 2675 ellipsin
1157 2601 1237 2675 apud

139 2699 270 2758 comicos
290 2716 353 2756 non
379 2705 494 2756 exstare
503 2694 535 2774 ¹).
585 2696 622 2753 In
654 2696 762 2771 scripto
793 2695 926 2754 Pliniana
951 2696 1114 2772 principem
1140 2697 1238 2755 locum

139 2797 254 2856 obtinet
275 2795 394 2854 omissio
416 2795 496 2852 vocis
510 2794 617 2853 uxoris.
635 2795 670 2851 cf.
689 2793 829 2852 XXVIII
845 2808 884 2870 50
897 2795 1026 2871 Poppaea
1047 2795 1096 2853 hoc
1117 2796 1240 2854 Neronis

133 2894 273 2971 pm‘ncipis
293 2893 431 2960 z‘nslituil,·
466 2891 608 2949 XXXIII
635 2908 669 2967 19
691 2912 739 2949 rios
760 2892 882 2949 ardoinus
901 2892 1089 2969 Agrippinam
1125 2892 1243 2951 Claudii

133 2990 294 3066 principie·
315 2988 437 3046 XXXV
454 3003 509 3045 202
522 2988 628 3044 iubente
644 2988 802 3064 Agrippina
817 2987 934 3046 Claudii
945 2988 1089 3059 Caesarii,·
1099 2989 1237 3049 XXIX8

147 3088 248 3145 Velti'us
275 3087 372 3144 Valens
400 3085 536 3143 adulterio
565 3084 737 3143 Messalinae
761 3086 880 3143 Claudii
903 3085 1028 3144 Caesaris
1058 3088 1238 3158 nobilitatus;

140 3184 201 3241 VII
225 3184 279 3259 158
300 3193 326 3240 el
352 3205 388 3240 ex
403 3184 522 3258 foeminei
542 3184 629 3241 Liuia
649 3183 747 3242 Rutili
764 3183 976 3241 LXXXXVII
997 3204 1087 3243 annos
1106 3188 1239 3257 excessit,·

140 3280 294 3338 XXXV2
317 3289 391 3338 testes
410 3289 476 3336 sunl
495 3280 648 3342 crateuas
669 3280 714 3338 ille
737 3280 875 3339 Ciceronis
896 3278 947 3357 (sc.
969 3281 1134 3360 amicusll).

248 3378 390 3435 Attamen
419 3377 482 3434 fieri
511 3385 617 3452 potest,
648 3386 681 3436 ut
711 3379 818 3454 ellipsis
846 3379 952 3449 uxoris,
979 3379 1030 3436 filii
1054 3379 1239 3457 aliorumque

140 3475 384 3550 appellativorum
406 3473 451 3531 his
472 3473 542 3532 locis
563 3476 721 3533 statuenda
735 3494 796 3533 non
818 3476 863 3547 sit,
885 3479 938 3535 sed
952 3478 1106 3555 genetivus
1119 3496 1238 3554 posses·

140 3574 227 3642 sivus,
243 3573 324 3648 quod
340 3590 376 3630 eo
391 3572 595 3630 commendari
609 3580 715 3648 potest,
731 3573 813 3649 quod
828 3573 959 3648 plurimis
973 3574 1045 3633 locis
1061 3574 1240 3652 significatur

139 3687 268 3744 persona
289 3667 427 3736 subiecta,
451 3687 527 3744 quae
550 3678 594 3729 est
614 3670 645 3726 in
671 3669 768 3728 aliena
788 3678 944 3745 potestate,
973 3669 1084 3746 inqua
1109 3688 1140 3727 re
1169 3688 1239 3728 vera

141 3774 226 3824 erant
250 3783 364 3834 uxores,
386 3765 444 3834 filii,
467 3765 542 3824 servi
563 3767 644 3843 apud
667 3767 827 3835 Romanos,
851 3785 911 3843 quo
931 3767 1053 3836 accedit,
1078 3767 1160 3843 quod
1183 3785 1239 3826 nos

142 3884 262 3942 quoque
292 3865 431 3923 dicimus:
472 3865 611 3924 Muellers
642 3864 775 3924 Gottlieb
805 3883 867 3922 non
893 3864 1097 3922 desiderantes
1133 3881 1238 3922 vocem

140 3960 266 4039 Sohns).

253 4189 276 4257 1)
295 4192 328 4242 cf.
348 4195 382 4243 A.
401 4193 556 4256 Draegerum
576 4193 594 4244 l.
613 4193 632 4245 l.
651 4194 664 4241 1
682 4209 707 4257 p.
727 4205 789 4256 447.

249 4281 276 4340 2)
295 4279 325 4330 cf.
344 4281 375 4332 L.
396 4281 549 4344 Grasberger
567 4281 584 4332 l.
603 4281 620 4332 1.
639 4297 665 4345 p.
688 4293 728 4333 10.

249 4366 276 4432 3)
294 4367 323 4420 cf.
344 4369 382 4420 K.
402 4369 559 4432 Reisigium:
579 4369 756 4431 Vorlesungen
778 4369 841 4417 iiber
859 4369 903 4420 lat.
916 4368 1181 4433 Sprachwissenschaft
1199 4369 1239 4420 ed.

141 4456 186 4507 Fr.
206 4455 291 4504 Haase
310 4457 411 4522 Lipsiae
433 4458 496 4507 1881
518 4474 542 4523 p.
564 4453 648 4525 640§
671 4468 731 4522 353.
