3188 5212
827 451 1003 506 ..52-

374 613 403 671 in
424 631 456 672 se
477 615 658 682 offensionis,
681 633 742 690 quo
763 615 909 674 accedunt
929 615 977 674 illa
997 633 1119 692 quoque
1133 615 1343 673 medicinarum
1367 633 1467 672 exem·

372 711 423 786 pla
453 711 532 768 velut
562 710 672 770 XXIII
706 727 761 784 144
792 711 890 788 capitis
918 711 1009 768 deleri
1036 711 1204 780 elelc'etunlur,
1235 712 1411 786 maximeque
1441 712 1468 767 in

365 807 450 882 sebn',
472 807 500 864 si
518 807 554 864 ab
574 808 699 865 ebrietate
719 827 758 866 sc.
780 817 861 866 ortus
881 818 926 867 est
947 809 1048 867 dolor:
1071 809 1101 866 in
1123 807 1239 886 quibus,
1262 811 1340 885 quod
1363 810 1388 866 is
1410 818 1470 867 erat

374 905 497 962 omnino
518 923 616 964 senno
638 906 829 975 medicorum,
856 907 917 964 iere
947 925 1009 964 non
1036 906 1219 965 sentiebatur
1239 907 1357 965 omissio
1381 904 1468 973 verbi,

374 1000 475 1076 itaque
501 1000 637 1076 exempla
663 1003 808 1060 eiusmodi
830 1003 913 1077 plura
934 1021 995 1060 non
1020 1003 1139 1060 addam.
1184 1002 1241 1060 His
1267 1003 1385 1060 duobus
1400 1001 1470 1058 locis

375 1097 474 1155 durior
502 1097 623 1173 quidem
654 1105 699 1155 est
728 1097 835 1174 ellipsis
866 1099 946 1157 verbi
977 1099 1118 1157 movendi
1148 1098 1224 1155 XVI
1262 1099 1328 1156 128:
1361 1096 1468 1176 (radix)

375 1193 448 1250 oleae
469 1193 601 1268 eratisque
621 1203 646 1251 el
665 1195 795 1270 cupressis
808 1206 864 1270 per
879 1215 990 1253 summa
1011 1196 1168 1270 caespitum,
1194 1194 1261 1252 aliz's
1281 1203 1346 1252 recle
1370 1203 1468 1260 meatu,

376 1300 407 1348 ul
419 1290 498 1347 lauro
516 1289 567 1366 (sc.
583 1290 631 1370 it);
647 1300 676 1348 et
691 1292 783 1350 XVII
800 1309 857 1368 219
871 1293 1024 1368 alcpuendo
1038 1303 1064 1350 et
1070 1291 1229 1368 pestilentie
1237 1304 1292 1367 per
1299 1311 1401 1367 genere
1416 1288 1468 1366 (it).

503 1743 534 1804 3.
552 1727 774 1803 Supplendae
790 1731 871 1787 sunt
888 1725 1025 1786 formae
1041 1728 1236 1788 verborum
1250 1725 1342 1804 fieri,

749 1831 901 1910 evenire,
926 1831 1102 1893 accidere.

485 1993 622 2051 Proxima
642 1994 681 2050 illi
702 1993 783 2050 verbi
814 2011 894 2050 esse
925 1991 1078 2050 emissioni
1106 1998 1149 2048 est
1179 1990 1286 2066 ellipsis
1317 1990 1469 2048 verborum

383 2090 484 2159 lieri,
507 2091 673 2158 evenire,
705 2090 873 2147 accidere
901 2089 988 2146 variis
1007 2089 1037 2144 in
1059 2088 1226 2145 enuntiatis
1278 2087 1315 2144 In
1337 2084 1469 2144 brevibus

378 2187 543 2253 enuntiatis,
567 2205 643 2263 quae
674 2194 811 2243 constant
841 2205 878 2242 ex
899 2185 1050 2244 sententiis
1081 2185 1306 2252 adverbialibus,
1338 2182 1470 2241 omnibus

378 2284 494 2358 linguae
509 2283 633 2341 Latinae
653 2283 835 2359 temporibus
860 2283 935 2340 haec
956 2283 1045 2339 verba
1067 2281 1249 2339 omittuntur.
1279 2282 1315 2338 cl.
1340 2281 1399 2339 Cic.
1421 2293 1470 2352 pro

379 2382 465 2438 Rosc.
489 2381 555 2439 Am.
579 2397 617 2456 39
638 2379 710 2456 quid
720 2389 829 2456 peslee;
853 2379 914 2437 Liv.
937 2397 963 2452 4,
987 2397 1005 2452 4
1027 2379 1099 2454 quid
1109 2387 1218 2455 pestem
1246 2395 1306 2453 quo
1329 2375 1471 2454 pertinent

378 2461 453 2536 haec
476 2478 608 2536 Pliniana
638 2479 773 2553 exempla
803 2477 895 2535 XVII
930 2493 985 2550 144
1014 2477 1086 2532 sceui
1114 2485 1213 2548 enlea;
1244 2474 1387 2532 XXXIII
1420 2483 1468 2542 147

379 2573 460 2648 idque
480 2575 538 2630 t'am
554 2574 676 2649 pridem
709 2574 755 2630 IX
785 2573 839 2648 158
860 2582 942 2648 atque
963 2573 1011 2642 c'ta,
1032 2573 1060 2628 si
1071 2572 1155 2648 prior
1164 2573 1240 2645 fetus
1261 2577 1403 2644 corruptus
1423 2572 1470 2634 est;

378 2670 424 2726 XI
449 2669 485 2727 26
510 2671 549 2726 sic
574 2681 599 2726 et
627 2672 655 2726 in
686 2671 803 2726 homine.
856 2670 912 2728 His
943 2669 1080 2726 brevibus
1109 2668 1276 2736 enuntiatis,
1307 2667 1344 2730 in.
1368 2665 1470 2742 quibus

378 2766 519 2824 adverbio
541 2766 685 2823 indicatur
706 2766 915 2840 praedicatum,
938 2765 1009 2823 addi
1030 2774 1162 2840 possunt,
1192 2747 1230 2822 ut
1255 2765 1470 2822 demonstretur

379 2863 457 2920 hanc
478 2863 742 2939 breviloquentiam
757 2863 905 2922 observari
926 2882 1013 2940 posse
1028 2863 1118 2921 etiam
1132 2863 1162 2919 in
1177 2862 1358 2938 longioribus
1379 2875 1469 2918 enun-

379 2959 463 3029 tiatis,
486 2960 575 3018 haec:
598 2961 628 3017 II
653 2974 690 3035 70
719 2960 804 3017 multe
825 2961 860 3020 id
884 2962 974 3037 magis
1005 2961 1034 3017 in
1061 2960 1209 3036 vespertino
1241 2978 1336 3015 earum
1364 2963 1469 3022 exertu3

379 3055 455 3116 XVI
477 3074 511 3132 41
536 3058 664 3116 steriliter
686 3059 773 3116 abieti
801 3056 923 3136 (evenit)
954 3058 1089 3133 expetitae
1119 3058 1249 3132 naviges.
1301 3056 1374 3114 Aliis
1404 3049 1470 3110 locis

379 3164 496 3231 praeter
524 3155 697 3213 adverbium
725 3155 836 3213 indicat
865 3154 1068 3230 praedicatum
1090 3153 1181 3210 dictio
1207 3147 1470 3228 praepositionalis:

380 3252 534 3309 XXXVII
558 3267 594 3308 22
618 3260 648 3307 ut
668 3251 698 3307 in
720 3262 828 3326 coepere
848 3251 944 3323 etiem
976 3251 1007 3308 II
1033 3251 1088 3325 136
1109 3249 1186 3324 qued
1204 3269 1259 3306 nen
1281 3249 1311 3304 in
1333 3247 1390 3306 elio
1410 3245 1469 3314 scl03

380 3350 426 3414 IX
452 3349 506 3422 138
529 3351 558 3406 in
585 3348 757 3415 conchyliata
779 3356 848 3404 vesle
868 3356 952 3404 cetere
973 3348 1066 3404 eedem
1087 3348 1146 3404 scite
1167 3346 1278 3420 buccam
1307 3347 1353 3404 vel
1376 3343 1471 3403 dativo

380 3445 505 3502 XXXII
528 3459 564 3519 27
595 3444 672 3519 quod
699 3443 772 3500 nielli
799 3443 967 3501 animalium
991 3442 1124 3521 (evenit);
1154 3444 1200 3501 XI
1230 3443 1287 3518 278
1308 3443 1471 3500 Parlbomm

375 3541 487 3617 populis
507 3542 556 3598 icoc
575 3541 725 3616 praecipue
754 3550 778 3597 el
798 3562 816 3597 e
847 3541 959 3598 iuventa
984 3551 1097 3617 propter
1124 3541 1281 3598 e'nde'sereles
1311 3541 1400 3612 cz‘bos3
1431 3533 1471 3591 vel

382 3637 510 3696 ablativo
531 3638 577 3694 XI
610 3635 647 3694 26
678 3646 703 3694 cl
731 3637 781 3695 icoc
811 3647 960 3696 castrorum
992 3659 1064 3694 eccere
1095 3635 1160 3716 (fit).
1213 3637 1289 3696 Cum
1312 3637 1410 3694 multis
1431 3631 1471 3689 his

381 3735 452 3793 locis
474 3735 591 3794 obiecto
613 3754 734 3812 quoque
748 3738 891 3812 prodatur
913 3738 1036 3794 verbum
1051 3736 1134 3811 quod
1156 3737 1247 3804 deest,
1271 3735 1329 3792 huc
1350 3732 1473 3810 pertinet

301 3845 302 3848 ’
381 3832 460 3900 illud,
483 3833 565 3908 quod
587 3833 708 3908 legimus
730 3834 760 3890 in
771 3833 831 3891 Liv.
854 3850 881 3908 9,
904 3851 930 3909 9,
953 3831 972 3890 6
994 3833 1038 3890 dii
1057 3832 1169 3890 meliora
1192 3829 1242 3909 (sc.
1265 3827 1396 3908 iaciant).

489 3930 538 3986 Ad
566 3931 624 3988 hoc
654 3939 743 4006 caput
773 3940 907 4007 spectant
938 3949 1059 4007 quoque
1088 3929 1197 3986 XXXI
1230 3928 1266 3985 28
1298 3928 1381 3985 aliter
1406 3925 1473 3982 circe

385 4027 540 4084 Thessalia
565 4028 660 4103 Tempe
681 4026 740 4105 (res
766 4046 798 4086 se
820 4025 922 4105 habet)
945 4037 974 4085 et
994 4027 1133 4084 XXXIV
1169 4042 1202 4100 19
1232 4045 1320 4082 serrem
1342 4025 1392 4082 hoc
1413 4068 1419 4080 .
1442 4061 1472 4077 ,ι

381 4125 452 4181 secut
472 4123 610 4200 elephanti
629 4143 666 4181 sc.
690 4126 719 4181 in
742 4144 798 4183 usu
819 4135 909 4182 erant.
