<?xml version="1.0" encoding="UTF-8"?>
<!DOCTYPE html PUBLIC "-//W3C//DTD XHTML 1.0 Transitional//EN"
    "http://www.w3.org/TR/xhtml1/DTD/xhtml1-transitional.dtd">
<html xmlns="http://www.w3.org/1999/xhtml" xml:lang="en" lang="en">
 <head>
  <title>
</title>
<meta http-equiv="Content-Type" content="text/html;charset=utf-8" />
  <meta name='ocr-system' content='tesseract 3.04.00' />
  <meta name='ocr-capabilities' content='ocr_page ocr_carea ocr_par ocr_line ocrx_word'/>
</head>
<body>
  <div class='ocr_page' id='page_1' title='image "./debreviloquenti00plingoog_0015.png"; bbox 0 0 3188 5212; ppageno 0'>
   <div class='ocr_carea' id='block_1_1' title="bbox 821 421 995 456">
    <p class='ocr_par' dir='ltr' id='par_1_1' title="bbox 821 421 995 456">
     <span class='ocr_line' id='line_1_1' title="bbox 821 421 995 456; baseline 0.011 -14"><span class='ocrx_word' id='word_1_1' title='bbox 821 421 995 456; x_wconf 83' lang='lat'>-10..</span> 
     </span>
    </p>
   </div>
   <div class='ocr_carea' id='block_1_2' title="bbox 288 573 1455 3465">
    <p class='ocr_par' dir='ltr' id='par_1_2' title="bbox 352 573 1455 2196">
     <span class='ocr_line' id='line_1_2' title="bbox 357 573 1453 653; baseline 0.003 -23"><span class='ocrx_word' id='word_1_2' title='bbox 357 574 512 630; x_wconf 78' lang='lat' dir='ltr'><em>amicitiam</em></span> <span class='ocrx_word' id='word_1_3' title='bbox 525 573 669 647; x_wconf 76' lang='lat' dir='ltr'><em>fidemque</em></span> <span class='ocrx_word' id='word_1_4' title='bbox 694 573 798 648; x_wconf 85' lang='lat' dir='ltr'><em>populi</em></span> <span class='ocrx_word' id='word_1_5' title='bbox 815 573 944 630; x_wconf 86' lang='lat' dir='ltr'><em>Romani</em></span> <span class='ocrx_word' id='word_1_6' title='bbox 962 574 1121 651; x_wconf 77' lang='lat' dir='ltr'><em>applicavit,</em></span> <span class='ocrx_word' id='word_1_7' title='bbox 1144 595 1205 650; x_wconf 90' lang='lat' dir='ltr'><em>quo</em></span> <span class='ocrx_word' id='word_1_8' title='bbox 1226 577 1291 634; x_wconf 86' lang='lat' dir='ltr'><em>loco</em></span> <span class='ocrx_word' id='word_1_9' title='bbox 1313 578 1453 653; x_wconf 82' lang='lat' dir='ltr'><em>repetitur</em></span> 
     </span>
     <span class='ocr_line' id='line_1_3' title="bbox 358 670 1450 747; baseline 0.002 -19"><span class='ocrx_word' id='word_1_10' title='bbox 358 671 534 728; x_wconf 88' lang='lat' dir='ltr'><em>vocabulum</em></span> <span class='ocrx_word' id='word_1_11' title='bbox 550 670 664 728; x_wconf 82' lang='lat' dir='ltr'><em>Siciliae</em></span> <span class='ocrx_word' id='word_1_12' title='bbox 684 670 774 744; x_wconf 90' lang='lat' dir='ltr'><em>paulo</em></span> <span class='ocrx_word' id='word_1_13' title='bbox 789 679 878 728; x_wconf 89' lang='lat' dir='ltr'><em>antea</em></span> <span class='ocrx_word' id='word_1_14' title='bbox 899 671 994 728; x_wconf 89' lang='lat' dir='ltr'><em>forma</em></span> <span class='ocrx_word' id='word_1_15' title='bbox 1014 672 1142 747; x_wconf 85' lang='lat' dir='ltr'><em>genetivi</em></span> <span class='ocrx_word' id='word_1_16' title='bbox 1156 691 1241 730; x_wconf 92' lang='lat' dir='ltr'><em>casus</em></span> <span class='ocrx_word' id='word_1_17' title='bbox 1262 676 1450 732; x_wconf 83' lang='lat' dir='ltr'><strong>antecedens.</strong></span> 
     </span>
     <span class='ocr_line' id='line_1_4' title="bbox 357 767 1452 846; baseline 0.002 -20"><span class='ocrx_word' id='word_1_18' title='bbox 357 771 392 826; x_wconf 94' lang='lat' dir='ltr'><em>In</em></span> <span class='ocrx_word' id='word_1_19' title='bbox 424 769 614 845; x_wconf 88' lang='lat' dir='ltr'><em>sequentibus</em></span> <span class='ocrx_word' id='word_1_20' title='bbox 645 767 802 824; x_wconf 84' lang='lat' dir='ltr'><em>enuntiatis</em></span> <span class='ocrx_word' id='word_1_21' title='bbox 833 769 872 824; x_wconf 89' lang='lat' dir='ltr'><em>de</em></span> <span class='ocrx_word' id='word_1_22' title='bbox 893 768 989 826; x_wconf 83' lang='lat' dir='ltr'><em>Sicilia</em></span> <span class='ocrx_word' id='word_1_23' title='bbox 1010 768 1164 844; x_wconf 83' lang='lat' dir='ltr'><strong>agentibus</strong></span> <span class='ocrx_word' id='word_1_24' title='bbox 1185 789 1368 846; x_wconf 90' lang='lat' dir='ltr'><em>quamquam</em></span> <span class='ocrx_word' id='word_1_25' title='bbox 1389 791 1452 830; x_wconf 89' lang='lat' dir='ltr'><em>non</em></span> 
     </span>
     <span class='ocr_line' id='line_1_5' title="bbox 357 865 1452 942; baseline 0.001 -17"><span class='ocrx_word' id='word_1_26' title='bbox 357 874 453 925; x_wconf 86' lang='lat' dir='ltr'><em>exstat</em></span> <span class='ocrx_word' id='word_1_27' title='bbox 467 866 644 924; x_wconf 85' lang='lat' dir='ltr'><em>vocabulum</em></span> <span class='ocrx_word' id='word_1_28' title='bbox 659 865 772 922; x_wconf 82' lang='lat' dir='ltr'><em>Siciliae</em></span> <span class='ocrx_word' id='word_1_29' title='bbox 793 865 898 940; x_wconf 91' lang='lat' dir='ltr'><em>ipsum,</em></span> <span class='ocrx_word' id='word_1_30' title='bbox 921 874 1016 923; x_wconf 86' lang='lat' dir='ltr'><em>exstat</em></span> <span class='ocrx_word' id='word_1_31' title='bbox 1030 875 1130 923; x_wconf 89' lang='lat' dir='ltr'><em>tamen</em></span> <span class='ocrx_word' id='word_1_32' title='bbox 1144 886 1311 942; x_wconf 89' lang='lat' dir='ltr'><strong>pronomen</strong></span> <span class='ocrx_word' id='word_1_33' title='bbox 1326 869 1452 926; x_wconf 90' lang='lat' dir='ltr'><em>demon-</em></span> 
     </span>
     <span class='ocr_line' id='line_1_6' title="bbox 357 962 1452 1038; baseline 0.004 -18"><span class='ocrx_word' id='word_1_34' title='bbox 357 963 515 1031; x_wconf 84' lang='lat' dir='ltr'><em>strativum,</em></span> <span class='ocrx_word' id='word_1_35' title='bbox 538 962 628 1038; x_wconf 91' lang='lat' dir='ltr'><em>quod,</em></span> <span class='ocrx_word' id='word_1_36' title='bbox 651 970 683 1018; x_wconf 93' lang='lat' dir='ltr'><em>ut</em></span> <span class='ocrx_word' id='word_1_37' title='bbox 704 962 762 1018; x_wconf 90' lang='lat' dir='ltr'><em>iarn</em></span> <span class='ocrx_word' id='word_1_38' title='bbox 783 980 872 1035; x_wconf 91' lang='lat' dir='ltr'><em>supra</em></span> <span class='ocrx_word' id='word_1_39' title='bbox 887 963 1050 1031; x_wconf 88' lang='lat' dir='ltr'>docuimus,</span> <span class='ocrx_word' id='word_1_40' title='bbox 1073 963 1275 1022; x_wconf 85' lang='lat' dir='ltr'><em>desideramus</em></span> <span class='ocrx_word' id='word_1_41' title='bbox 1297 964 1360 1023; x_wconf 92' lang='lat' dir='ltr'><em>aliis</em></span> <span class='ocrx_word' id='word_1_42' title='bbox 1381 967 1452 1025; x_wconf 90' lang='lat' dir='ltr'><em>locis</em></span> 
     </span>
     <span class='ocr_line' id='line_1_7' title="bbox 357 1058 1452 1137; baseline 0.003 -20"><span class='ocrx_word' id='word_1_43' title='bbox 357 1060 501 1128; x_wconf 75' lang='lat' dir='ltr'><em>plinianis,</em></span> <span class='ocrx_word' id='word_1_44' title='bbox 524 1077 614 1135; x_wconf 90' lang='lat' dir='ltr'><em>quam</em></span> <span class='ocrx_word' id='word_1_45' title='bbox 636 1077 698 1115; x_wconf 90' lang='lat' dir='ltr'><em>rem</em></span> <span class='ocrx_word' id='word_1_46' title='bbox 719 1058 777 1116; x_wconf 87' lang='lat' dir='ltr'><em>iarn</em></span> <span class='ocrx_word' id='word_1_47' title='bbox 798 1059 890 1134; x_wconf 88' lang='lat' dir='ltr'><em>attigit</em></span> <span class='ocrx_word' id='word_1_48' title='bbox 911 1059 934 1116; x_wconf 87' lang='lat'><em>1.</em></span> <span class='ocrx_word' id='word_1_49' title='bbox 951 1059 1057 1117; x_wconf 75' lang='lat' dir='ltr'><em>Mulier</em></span> <span class='ocrx_word' id='word_1_50' title='bbox 1077 1059 1094 1116; x_wconf 95' lang='lat' dir='ltr'><em>l.</em></span> <span class='ocrx_word' id='word_1_51' title='bbox 1110 1061 1126 1118; x_wconf 95' lang='lat' dir='ltr'><em>l.</em></span> <span class='ocrx_word' id='word_1_52' title='bbox 1141 1079 1169 1136; x_wconf 89' lang='lat' dir='ltr'><em>p.</em></span> <span class='ocrx_word' id='word_1_53' title='bbox 1187 1075 1220 1135; x_wconf 90' lang='lat'><em>71</em></span> <span class='ocrx_word' id='word_1_54' title='bbox 1243 1081 1285 1136; x_wconf 92' lang='lat' dir='ltr'><em>sq.</em></span> <span class='ocrx_word' id='word_1_55' title='bbox 1309 1062 1452 1137; x_wconf 83' lang='lat' dir='ltr'><em>inspicias</em></span> 
     </span>
     <span class='ocr_line' id='line_1_8' title="bbox 357 1155 1452 1232; baseline 0.004 -20"><span class='ocrx_word' id='word_1_56' title='bbox 357 1156 443 1214; x_wconf 91' lang='lat' dir='ltr'><em>velim</em></span> <span class='ocrx_word' id='word_1_57' title='bbox 459 1156 546 1212; x_wconf 90' lang='lat' dir='ltr'><em>etiam</em></span> <span class='ocrx_word' id='word_1_58' title='bbox 571 1155 625 1212; x_wconf 91' lang='lat' dir='ltr'><em>hos</em></span> <span class='ocrx_word' id='word_1_59' title='bbox 647 1155 740 1211; x_wconf 89' lang='lat' dir='ltr'><em>locos:</em></span> <span class='ocrx_word' id='word_1_60' title='bbox 763 1155 810 1212; x_wconf 92' lang='lat' dir='ltr'><em>IX</em></span> <span class='ocrx_word' id='word_1_61' title='bbox 825 1171 843 1229; x_wconf 79' lang='lat'>9</span> <span class='ocrx_word' id='word_1_62' title='bbox 858 1156 1039 1231; x_wconf 83' lang='lat' dir='ltr'><em>auditumque</em></span> <span class='ocrx_word' id='word_1_63' title='bbox 1058 1157 1088 1214; x_wconf 90' lang='lat' dir='ltr'><em>iu</em></span> <span class='ocrx_word' id='word_1_64' title='bbox 1111 1158 1229 1232; x_wconf 88' lang='lat' dir='ltr'><em>quodam</em></span> <span class='ocrx_word' id='word_1_65' title='bbox 1250 1169 1329 1232; x_wconf 89' lang='lat' dir='ltr'><em>specu</em></span> <span class='ocrx_word' id='word_1_66' title='bbox 1350 1160 1452 1216; x_wconf 82' lang='lat' dir='ltr'><em>conclea</em></span> 
     </span>
     <span class='ocr_line' id='line_1_9' title="bbox 357 1251 1454 1329; baseline 0.005 -22"><span class='ocrx_word' id='word_1_67' title='bbox 357 1261 496 1309; x_wconf 88' lang='lat' dir='ltr'><em>canentem</em></span> <span class='ocrx_word' id='word_1_68' title='bbox 523 1251 659 1307; x_wconf 79' lang='lat' dir='ltr'><em>Tritonem</em></span> <span class='ocrx_word' id='word_1_69' title='bbox 681 1271 736 1325; x_wconf 77' lang='lat' dir='ltr'><em>qua</em></span> <span class='ocrx_word' id='word_1_70' title='bbox 759 1253 998 1326; x_wconf 79' lang='lat' dir='ltr'><em>noscitursorma,·</em></span> <span class='ocrx_word' id='word_1_71' title='bbox 1020 1263 1046 1310; x_wconf 90' lang='lat' dir='ltr'><em>ct</em></span> <span class='ocrx_word' id='word_1_72' title='bbox 1065 1255 1217 1311; x_wconf 81' lang='lat' dir='ltr'><em>Nereidum</em></span> <span class='ocrx_word' id='word_1_73' title='bbox 1236 1255 1317 1329; x_wconf 79' lang='lat' dir='ltr'><em>salsa</em></span> <span class='ocrx_word' id='word_1_74' title='bbox 1339 1276 1394 1312; x_wconf 89' lang='lat' dir='ltr'><em>nou</em></span> <span class='ocrx_word' id='word_1_75' title='bbox 1415 1267 1454 1313; x_wconf 89' lang='lat' dir='ltr'><em>est</em></span> 
     </span>
     <span class='ocr_line' id='line_1_10' title="bbox 358 1346 1452 1424; baseline 0.005 -17"><span class='ocrx_word' id='word_1_76' title='bbox 358 1349 407 1424; x_wconf 90' lang='lat' dir='ltr'><em>(sc.</em></span> <span class='ocrx_word' id='word_1_77' title='bbox 431 1346 545 1424; x_wconf 79' lang='lat' dir='ltr'><em>torma),</em></span> <span class='ocrx_word' id='word_1_78' title='bbox 575 1348 697 1405; x_wconf 92' lang='lat' dir='ltr'><em>subiecti</em></span> <span class='ocrx_word' id='word_1_79' title='bbox 726 1367 795 1424; x_wconf 86' lang='lat' dir='ltr'><em>ergo</em></span> <span class='ocrx_word' id='word_1_80' title='bbox 817 1350 995 1407; x_wconf 87' lang='lat' dir='ltr'><em>vocabulum</em></span> <span class='ocrx_word' id='word_1_81' title='bbox 1025 1351 1082 1408; x_wconf 86' lang='lat' dir='ltr'><em>alia</em></span> <span class='ocrx_word' id='word_1_82' title='bbox 1109 1369 1144 1408; x_wconf 88' lang='lat' dir='ltr'><em>ac</em></span> <span class='ocrx_word' id='word_1_83' title='bbox 1172 1351 1346 1409; x_wconf 89' lang='lat' dir='ltr'><em>nominativi</em></span> <span class='ocrx_word' id='word_1_84' title='bbox 1367 1371 1452 1412; x_wconf 89' lang='lat' dir='ltr'><em>casus</em></span> 
     </span>
     <span class='ocr_line' id='line_1_11' title="bbox 357 1447 1452 1526; baseline 0.005 -22"><span class='ocrx_word' id='word_1_85' title='bbox 357 1449 451 1504; x_wconf 83' lang='lat' dir='ltr'><em>forma</em></span> <span class='ocrx_word' id='word_1_86' title='bbox 471 1447 619 1504; x_wconf 87' lang='lat' dir='ltr'>antecedit</span> <span class='ocrx_word' id='word_1_87' title='bbox 633 1465 732 1522; x_wconf 90' lang='lat' dir='ltr'><em>neque</em></span> <span class='ocrx_word' id='word_1_88' title='bbox 751 1447 890 1522; x_wconf 88' lang='lat' dir='ltr'><em>repetitur</em></span> <span class='ocrx_word' id='word_1_89' title='bbox 904 1448 935 1504; x_wconf 90' lang='lat' dir='ltr'><em>in</em></span> <span class='ocrx_word' id='word_1_90' title='bbox 950 1449 1103 1524; x_wconf 81' lang='lat' dir='ltr'><em>enuntiato</em></span> <span class='ocrx_word' id='word_1_91' title='bbox 1124 1448 1197 1523; x_wconf 79' lang='lat' dir='ltr'><em>ipso,</em></span> <span class='ocrx_word' id='word_1_92' title='bbox 1229 1449 1315 1507; x_wconf 90' lang='lat' dir='ltr'>Idem</span> <span class='ocrx_word' id='word_1_93' title='bbox 1330 1450 1452 1526; x_wconf 88' lang='lat' dir='ltr'><em>legimus</em></span> 
     </span>
     <span class='ocr_line' id='line_1_12' title="bbox 357 1541 1451 1620; baseline 0.003 -19"><span class='ocrx_word' id='word_1_94' title='bbox 357 1544 404 1601; x_wconf 91' lang='lat' dir='ltr'><em>IX</em></span> <span class='ocrx_word' id='word_1_95' title='bbox 426 1541 464 1618; x_wconf 80' lang='lat'><em>56</em></span> <span class='ocrx_word' id='word_1_96' title='bbox 485 1552 510 1599; x_wconf 88' lang='lat' dir='ltr'><em>et</em></span> <span class='ocrx_word' id='word_1_97' title='bbox 528 1542 607 1604; x_wconf 80' lang='lat' dir='ltr'><em>alcas</em></span> <span class='ocrx_word' id='word_1_98' title='bbox 637 1543 790 1618; x_wconf 81' lang='lat' dir='ltr'><em>ubicunque</em></span> <span class='ocrx_word' id='word_1_99' title='bbox 811 1545 902 1620; x_wconf 83' lang='lat' dir='ltr'>pisces</span> <span class='ocrx_word' id='word_1_100' title='bbox 929 1546 959 1602; x_wconf 89' lang='lat' dir='ltr'><em>iu</em></span> <span class='ocrx_word' id='word_1_101' title='bbox 986 1546 1080 1602; x_wconf 88' lang='lat' dir='ltr'><em>eadem</em></span> <span class='ocrx_word' id='word_1_102' title='bbox 1102 1566 1178 1620; x_wconf 84' lang='lat' dir='ltr'><em>aqua</em></span> <span class='ocrx_word' id='word_1_103' title='bbox 1199 1546 1321 1612; x_wconf 86' lang='lat' dir='ltr'><em>adsidui,</em></span> <span class='ocrx_word' id='word_1_104' title='bbox 1350 1548 1378 1604; x_wconf 88' lang='lat' dir='ltr'><em>si</em></span> <span class='ocrx_word' id='word_1_105' title='bbox 1396 1568 1451 1604; x_wconf 90' lang='lat' dir='ltr'><em>non</em></span> 
     </span>
     <span class='ocr_line' id='line_1_13' title="bbox 357 1637 1452 1717; baseline 0.004 -20"><span class='ocrx_word' id='word_1_106' title='bbox 357 1641 468 1712; x_wconf 77' lang='lat' dir='ltr'><em>adfluat</em></span> <span class='ocrx_word' id='word_1_107' title='bbox 488 1637 601 1717; x_wconf 86' lang='lat' dir='ltr'><em>(aqua),</em></span> <span class='ocrx_word' id='word_1_108' title='bbox 624 1641 840 1711; x_wconf 63' lang='lat' dir='ltr'><em>exanimantum</em></span> <span class='ocrx_word' id='word_1_109' title='bbox 861 1642 893 1697; x_wconf 88' lang='lat' dir='ltr'><em>X</em></span> <span class='ocrx_word' id='word_1_110' title='bbox 912 1647 945 1698; x_wconf 81' lang='lat'><em>82</em></span> <span class='ocrx_word' id='word_1_111' title='bbox 968 1663 1023 1699; x_wconf 90' lang='lat' dir='ltr'><em>uon</em></span> <span class='ocrx_word' id='word_1_112' title='bbox 1048 1643 1086 1699; x_wconf 86' lang='lat' dir='ltr'><em>sit</em></span> <span class='ocrx_word' id='word_1_113' title='bbox 1106 1654 1135 1698; x_wconf 85' lang='lat' dir='ltr'><em>ue&#39;</em></span> <span class='ocrx_word' id='word_1_114' title='bbox 1156 1643 1271 1699; x_wconf 86' lang='lat' dir='ltr'><em>dubium</em></span> <span class='ocrx_word' id='word_1_115' title='bbox 1293 1643 1366 1700; x_wconf 84' lang='lat' dir='ltr'><em>liaeu</em></span> <span class='ocrx_word' id='word_1_116' title='bbox 1385 1665 1452 1702; x_wconf 90' lang='lat' dir='ltr'><em>sua-</em></span> 
     </span>
     <span class='ocr_line' id='line_1_14' title="bbox 358 1738 1454 1814; baseline 0.004 -20"><span class='ocrx_word' id='word_1_117' title='bbox 358 1739 468 1795; x_wconf 85' lang='lat' dir='ltr'><em>uitatem</em></span> <span class='ocrx_word' id='word_1_118' title='bbox 482 1745 736 1813; x_wconf 74' lang='lat' dir='ltr'><em>praemonstratam</em></span> <span class='ocrx_word' id='word_1_119' title='bbox 751 1738 857 1812; x_wconf 81' lang='lat' dir='ltr'><em>efficaci</em></span> <span class='ocrx_word' id='word_1_120' title='bbox 868 1739 990 1814; x_wconf 85' lang='lat' dir='ltr'><em>auspicio</em></span> <span class='ocrx_word' id='word_1_121' title='bbox 1005 1760 1066 1796; x_wconf 89' lang='lat' dir='ltr'><em>cum</em></span> <span class='ocrx_word' id='word_1_122' title='bbox 1082 1740 1113 1796; x_wconf 91' lang='lat' dir='ltr'><em>iu</em></span> <span class='ocrx_word' id='word_1_123' title='bbox 1128 1759 1172 1796; x_wconf 90' lang='lat' dir='ltr'><em>ore</em></span> <span class='ocrx_word' id='word_1_124' title='bbox 1191 1740 1340 1797; x_wconf 82' lang='lat' dir='ltr'><em>Stesichori</em></span> <span class='ocrx_word' id='word_1_125' title='bbox 1357 1743 1454 1799; x_wconf 85' lang='lat' dir='ltr'><em>cecinit</em></span> 
     </span>
     <span class='ocr_line' id='line_1_15' title="bbox 357 1833 1451 1914; baseline 0.004 -22"><span class='ocrx_word' id='word_1_126' title='bbox 357 1836 474 1909; x_wconf 69' lang='lat' dir='ltr'><em>crisantis</em></span> <span class='ocrx_word' id='word_1_127' title='bbox 496 1833 545 1912; x_wconf 84' lang='lat' dir='ltr'><em>(se.</em></span> <span class='ocrx_word' id='word_1_128' title='bbox 561 1835 585 1892; x_wconf 94' lang='lat' dir='ltr'><em>is</em></span> <span class='ocrx_word' id='word_1_129' title='bbox 600 1835 616 1891; x_wconf 94' lang='lat' dir='ltr'><em>i.</em></span> <span class='ocrx_word' id='word_1_130' title='bbox 633 1853 657 1892; x_wconf 90' lang='lat' dir='ltr'><em>e.</em></span> <span class='ocrx_word' id='word_1_131' title='bbox 679 1835 846 1912; x_wconf 86' lang='lat' dir='ltr'><em>luscinius);</em></span> <span class='ocrx_word' id='word_1_132' title='bbox 869 1837 944 1894; x_wconf 89' lang='lat' dir='ltr'><em>XVI</em></span> <span class='ocrx_word' id='word_1_133' title='bbox 970 1851 1024 1911; x_wconf 89' lang='lat'><em>117</em></span> <span class='ocrx_word' id='word_1_134' title='bbox 1047 1857 1166 1912; x_wconf 79' lang='lat' dir='ltr'><em>namque</em></span> <span class='ocrx_word' id='word_1_135' title='bbox 1187 1845 1212 1892; x_wconf 95' lang='lat' dir='ltr'><em>et</em></span> <span class='ocrx_word' id='word_1_136' title='bbox 1232 1837 1342 1894; x_wconf 83' lang='lat' dir='ltr'><em>rumora</em></span> <span class='ocrx_word' id='word_1_137' title='bbox 1362 1850 1451 1914; x_wconf 92' lang='lat' dir='ltr'><em>poma</em></span> 
     </span>
     <span class='ocr_line' id='line_1_16' title="bbox 352 1931 1455 2008; baseline 0.003 -20"><span class='ocrx_word' id='word_1_138' title='bbox 352 1933 521 2008; x_wconf 88' lang='lat' dir='ltr'><em>proueniunt</em></span> <span class='ocrx_word' id='word_1_139' title='bbox 540 1941 566 1988; x_wconf 93' lang='lat' dir='ltr'><em>ct</em></span> <span class='ocrx_word' id='word_1_140' title='bbox 585 1931 740 1988; x_wconf 83' lang='lat' dir='ltr'><em>vermiculis</em></span> <span class='ocrx_word' id='word_1_141' title='bbox 760 1933 898 2001; x_wconf 67' lang='lat' dir='ltr'><em>obnoxia·</em></span> <span class='ocrx_word' id='word_1_142' title='bbox 920 1934 988 2008; x_wconf 83' lang='lat' dir='ltr'><em>quin</em></span> <span class='ocrx_word' id='word_1_143' title='bbox 1010 1943 1036 1990; x_wconf 92' lang='lat' dir='ltr'><em>et</em></span> <span class='ocrx_word' id='word_1_144' title='bbox 1055 1934 1085 1989; x_wconf 88' lang='lat' dir='ltr'><em>in</em></span> <span class='ocrx_word' id='word_1_145' title='bbox 1107 1933 1168 2008; x_wconf 90' lang='lat' dir='ltr'><em>ipsa</em></span> <span class='ocrx_word' id='word_1_146' title='bbox 1183 1933 1278 1990; x_wconf 86' lang='lat' dir='ltr'><em>arbore</em></span> <span class='ocrx_word' id='word_1_147' title='bbox 1300 1943 1455 1992; x_wconf 88' lang='lat' dir='ltr'><em>nascuntur</em></span> 
     </span>
     <span class='ocr_line' id='line_1_17' title="bbox 356 2026 1454 2106; baseline 0 -19"><span class='ocrx_word' id='word_1_148' title='bbox 356 2030 479 2087; x_wconf 77' lang='lat' dir='ltr'><em>obnoxia</em></span> <span class='ocrx_word' id='word_1_149' title='bbox 515 2027 565 2106; x_wconf 86' lang='lat' dir='ltr'><em>(se.</em></span> <span class='ocrx_word' id='word_1_150' title='bbox 592 2028 619 2094; x_wconf 86' lang='lat' dir='ltr'><em>ii,</em></span> <span class='ocrx_word' id='word_1_151' title='bbox 646 2028 662 2083; x_wconf 92' lang='lat' dir='ltr'><em>i.</em></span> <span class='ocrx_word' id='word_1_152' title='bbox 690 2046 714 2085; x_wconf 91' lang='lat' dir='ltr'><em>e.</em></span> <span class='ocrx_word' id='word_1_153' title='bbox 743 2026 917 2104; x_wconf 87' lang='lat' dir='ltr'><em>vermiculi);</em></span> <span class='ocrx_word' id='word_1_154' title='bbox 949 2028 995 2085; x_wconf 90' lang='lat' dir='ltr'><em>XI</em></span> <span class='ocrx_word' id='word_1_155' title='bbox 1025 2044 1081 2102; x_wconf 76' lang='lat'><em>233</em></span> <span class='ocrx_word' id='word_1_156' title='bbox 1117 2029 1206 2085; x_wconf 75' lang='lat' dir='ltr'><em>asinis</em></span> <span class='ocrx_word' id='word_1_157' title='bbox 1232 2049 1252 2086; x_wconf 92' lang='lat' dir='ltr'><em>a</em></span> <span class='ocrx_word' id='word_1_158' title='bbox 1270 2032 1335 2105; x_wconf 73' lang='lat' dir='ltr'><em>fetu</em></span> <span class='ocrx_word' id='word_1_159' title='bbox 1362 2029 1454 2088; x_wconf 88' lang='lat' dir='ltr'><em>dolent</em></span> 
     </span>
     <span class='ocr_line' id='line_1_18' title="bbox 356 2127 681 2196; baseline -0.015 -11"><span class='ocrx_word' id='word_1_160' title='bbox 356 2145 417 2196; x_wconf 91' lang='lat' dir='ltr'><em>eae,</em></span> <span class='ocrx_word' id='word_1_161' title='bbox 439 2127 455 2182; x_wconf 93' lang='lat' dir='ltr'><em>i.</em></span> <span class='ocrx_word' id='word_1_162' title='bbox 478 2145 502 2182; x_wconf 93' lang='lat' dir='ltr'><em>e.</em></span> <span class='ocrx_word' id='word_1_163' title='bbox 525 2141 681 2182; x_wconf 89' lang='lat' dir='ltr'><em>mammae.</em></span> 
     </span>
    </p>

    <p class='ocr_par' dir='ltr' id='par_1_3' title="bbox 288 2220 1453 3465">
     <span class='ocr_line' id='line_1_19' title="bbox 463 2220 1453 2300; baseline 0.005 -22"><span class='ocrx_word' id='word_1_164' title='bbox 463 2222 571 2279; x_wconf 84' lang='lat' dir='ltr'><em>Laxior</em></span> <span class='ocrx_word' id='word_1_165' title='bbox 601 2240 691 2297; x_wconf 88' lang='lat' dir='ltr'><em>quam</em></span> <span class='ocrx_word' id='word_1_166' title='bbox 720 2220 930 2280; x_wconf 85' lang='lat' dir='ltr'><em>Ciceronianus</em></span> <span class='ocrx_word' id='word_1_167' title='bbox 959 2222 1104 2299; x_wconf 88' lang='lat' dir='ltr'><em>Pliniique</em></span> <span class='ocrx_word' id='word_1_168' title='bbox 1132 2224 1225 2300; x_wconf 87' lang='lat' dir='ltr'><em>magis</em></span> <span class='ocrx_word' id='word_1_169' title='bbox 1251 2225 1387 2300; x_wconf 89' lang='lat' dir='ltr'><em>proprius</em></span> <span class='ocrx_word' id='word_1_170' title='bbox 1409 2235 1453 2284; x_wconf 90' lang='lat' dir='ltr'><em>est</em></span> 
     </span>
     <span class='ocr_line' id='line_1_20' title="bbox 356 2319 1451 2395; baseline 0.003 -19"><span class='ocrx_word' id='word_1_171' title='bbox 356 2338 425 2378; x_wconf 91' lang='lat' dir='ltr'><em>usus</em></span> <span class='ocrx_word' id='word_1_172' title='bbox 447 2319 533 2376; x_wconf 91' lang='lat' dir='ltr'><em>huius</em></span> <span class='ocrx_word' id='word_1_173' title='bbox 554 2319 668 2395; x_wconf 81' lang='lat' dir='ltr'><em>generis</em></span> <span class='ocrx_word' id='word_1_174' title='bbox 679 2319 825 2378; x_wconf 85' lang='lat' dir='ltr'><em>Livianus.</em></span> <span class='ocrx_word' id='word_1_175' title='bbox 858 2321 892 2377; x_wconf 88' lang='lat' dir='ltr'><em>cl.</em></span> <span class='ocrx_word' id='word_1_176' title='bbox 915 2319 988 2378; x_wconf 88' lang='lat' dir='ltr'><em>Livii</em></span> <span class='ocrx_word' id='word_1_177' title='bbox 1000 2321 1140 2392; x_wconf 84' lang='lat' dir='ltr'>XXXIX</span> <span class='ocrx_word' id='word_1_178' title='bbox 1165 2338 1213 2395; x_wconf 86' lang='lat'><em>14:</em></span> <span class='ocrx_word' id='word_1_179' title='bbox 1236 2323 1341 2379; x_wconf 88' lang='lat' dir='ltr'><em>censuit</em></span> <span class='ocrx_word' id='word_1_180' title='bbox 1359 2331 1451 2379; x_wconf 90' lang='lat' dir='ltr'><em>autem</em></span> 
     </span>
     <span class='ocr_line' id='line_1_21' title="bbox 355 2416 1451 2493; baseline 0.002 -21"><span class='ocrx_word' id='word_1_181' title='bbox 355 2425 465 2472; x_wconf 88' lang='lat' dir='ltr'><em>senatus</em></span> <span class='ocrx_word' id='word_1_182' title='bbox 482 2416 592 2491; x_wconf 81' lang='lat' dir='ltr'><em>gratias</em></span> <span class='ocrx_word' id='word_1_183' title='bbox 612 2416 852 2492; x_wconf 87' lang='lat' dir='ltr'><em>consuliagcndas</em></span> <span class='ocrx_word' id='word_1_184' title='bbox 874 2463 879 2474; x_wconf 93' lang='lat'><strong>.</strong></span> <span class='ocrx_word' id='word_1_185' title='bbox 902 2464 908 2475; x_wconf 88' lang='lat'><strong><em>.</em></strong></span> <span class='ocrx_word' id='word_1_186' title='bbox 932 2465 937 2476; x_wconf 93' lang='lat'>.</span> <span class='ocrx_word' id='word_1_187' title='bbox 959 2420 1142 2493; x_wconf 76' lang='lat' dir='ltr'><em>quaestionem</em></span> <span class='ocrx_word' id='word_1_188' title='bbox 1159 2418 1256 2476; x_wconf 89' lang='lat' dir='ltr'><em>deiude</em></span> <span class='ocrx_word' id='word_1_189' title='bbox 1277 2419 1309 2474; x_wconf 91' lang='lat' dir='ltr'><em>de</em></span> <span class='ocrx_word' id='word_1_190' title='bbox 1322 2419 1451 2474; x_wconf 82' lang='lat' dir='ltr'><em>Baccha·</em></span> 
     </span>
     <span class='ocr_line' id='line_1_22' title="bbox 357 2513 1452 2591; baseline 0.003 -20"><span class='ocrx_word' id='word_1_191' title='bbox 357 2515 467 2571; x_wconf 81' lang='lat' dir='ltr'><em>realibus</em></span> <span class='ocrx_word' id='word_1_192' title='bbox 486 2513 623 2588; x_wconf 85' lang='lat' dir='ltr'><em>sacrisque</em></span> <span class='ocrx_word' id='word_1_193' title='bbox 644 2515 784 2571; x_wconf 82' lang='lat' dir='ltr'><em>nocturnis</em></span> <span class='ocrx_word' id='word_1_194' title='bbox 804 2524 884 2572; x_wconf 84' lang='lat' dir='ltr'><em>extra</em></span> <span class='ocrx_word' id='word_1_195' title='bbox 905 2516 1028 2572; x_wconf 85' lang='lat' dir='ltr'><em>ordinem</em></span> <span class='ocrx_word' id='word_1_196' title='bbox 1050 2517 1205 2573; x_wconf 85' lang='lat' dir='ltr'><em>consulibus</em></span> <span class='ocrx_word' id='word_1_197' title='bbox 1227 2516 1373 2581; x_wconf 85' lang='lat' dir='ltr'><em>mandaret,</em></span> <span class='ocrx_word' id='word_1_198' title='bbox 1402 2516 1452 2591; x_wconf 88' lang='lat' dir='ltr'><em>qui</em></span> 
     </span>
     <span class='ocr_line' id='line_1_23' title="bbox 357 2611 1451 2688; baseline 0.003 -20"><span class='ocrx_word' id='word_1_199' title='bbox 357 2612 478 2688; x_wconf 89' lang='lat' dir='ltr'><em>quidem</em></span> <span class='ocrx_word' id='word_1_200' title='bbox 509 2611 589 2668; x_wconf 91' lang='lat' dir='ltr'><em>locus</em></span> <span class='ocrx_word' id='word_1_201' title='bbox 620 2630 656 2668; x_wconf 88' lang='lat' dir='ltr'><em>ea</em></span> <span class='ocrx_word' id='word_1_202' title='bbox 685 2630 717 2668; x_wconf 89' lang='lat' dir='ltr'><em>re</em></span> <span class='ocrx_word' id='word_1_203' title='bbox 747 2613 932 2669; x_wconf 85' lang='lat' dir='ltr'><em>excusandus</em></span> <span class='ocrx_word' id='word_1_204' title='bbox 963 2620 1014 2680; x_wconf 91' lang='lat' dir='ltr'><em>est,</em></span> <span class='ocrx_word' id='word_1_205' title='bbox 1046 2612 1128 2686; x_wconf 90' lang='lat' dir='ltr'><em>quod</em></span> <span class='ocrx_word' id='word_1_206' title='bbox 1158 2611 1242 2668; x_wconf 87' lang='lat' dir='ltr'><em>facile</em></span> <span class='ocrx_word' id='word_1_207' title='bbox 1263 2630 1280 2668; x_wconf 89' lang='lat' dir='ltr'><em>e</em></span> <span class='ocrx_word' id='word_1_208' title='bbox 1305 2612 1451 2670; x_wconf 90' lang='lat' dir='ltr'><em>vocabulo</em></span> 
     </span>
     <span class='ocr_line' id='line_1_24' title="bbox 356 2707 1450 2783; baseline 0.001 -17"><span class='ocrx_word' id='word_1_209' title='bbox 356 2717 475 2766; x_wconf 85' lang='lat' dir='ltr'><em>senatus</em></span> <span class='ocrx_word' id='word_1_210' title='bbox 496 2708 605 2782; x_wconf 88' lang='lat' dir='ltr'><em>expleri</em></span> <span class='ocrx_word' id='word_1_211' title='bbox 626 2716 725 2783; x_wconf 87' lang='lat' dir='ltr'><em>potest</em></span> <span class='ocrx_word' id='word_1_212' title='bbox 745 2716 903 2770; x_wconf 71' lang='lat' dir='ltr'><em>senatores,</em></span> <span class='ocrx_word' id='word_1_213' title='bbox 934 2707 1050 2776; x_wconf 87' lang='lat' dir='ltr'><em>Durior,</em></span> <span class='ocrx_word' id='word_1_214' title='bbox 1073 2716 1205 2765; x_wconf 84' lang='lat' dir='ltr'><em>attamen</em></span> <span class='ocrx_word' id='word_1_215' title='bbox 1226 2727 1288 2765; x_wconf 92' lang='lat' dir='ltr'><em>non</em></span> <span class='ocrx_word' id='word_1_216' title='bbox 1309 2708 1450 2775; x_wconf 82' lang='lat' dir='ltr'><em>insolens,</em></span> 
     </span>
     <span class='ocr_line' id='line_1_25' title="bbox 356 2804 1451 2880; baseline 0 -18"><span class='ocrx_word' id='word_1_217' title='bbox 356 2815 400 2863; x_wconf 92' lang='lat' dir='ltr'><em>est</em></span> <span class='ocrx_word' id='word_1_218' title='bbox 421 2806 468 2862; x_wconf 93' lang='lat' dir='ltr'><em>hic</em></span> <span class='ocrx_word' id='word_1_219' title='bbox 489 2804 569 2862; x_wconf 91' lang='lat' dir='ltr'><em>locus</em></span> <span class='ocrx_word' id='word_1_220' title='bbox 584 2804 723 2863; x_wconf 85' lang='lat' dir='ltr'><em>Livianus</em></span> <span class='ocrx_word' id='word_1_221' title='bbox 739 2804 879 2861; x_wconf 91' lang='lat' dir='ltr'>XXXIX</span> <span class='ocrx_word' id='word_1_222' title='bbox 895 2820 944 2861; x_wconf 83' lang='lat'><em>20:</em></span> <span class='ocrx_word' id='word_1_223' title='bbox 967 2813 992 2860; x_wconf 88' lang='lat' dir='ltr'><em>et</em></span> <span class='ocrx_word' id='word_1_224' title='bbox 1012 2805 1069 2860; x_wconf 83' lang='lat' dir='ltr'><em>cam</em></span> <span class='ocrx_word' id='word_1_225' title='bbox 1089 2804 1122 2876; x_wconf 82' lang='lat' dir='ltr'><em>Q.</em></span> <span class='ocrx_word' id='word_1_226' title='bbox 1137 2804 1264 2862; x_wconf 85' lang='lat' dir='ltr'><em>Martius</em></span> <span class='ocrx_word' id='word_1_227' title='bbox 1284 2806 1451 2880; x_wconf 78' lang='lat' dir='ltr'><em>quaestioui-</em></span> 
     </span>
     <span class='ocr_line' id='line_1_26' title="bbox 356 2902 1449 2979; baseline 0.001 -21"><span class='ocrx_word' id='word_1_228' title='bbox 356 2903 405 2958; x_wconf 83' lang='lat' dir='ltr'><em>bus</em></span> <span class='ocrx_word' id='word_1_229' title='bbox 424 2922 491 2958; x_wconf 89' lang='lat' dir='ltr'><em>suae</em></span> <span class='ocrx_word' id='word_1_230' title='bbox 511 2903 628 2978; x_wconf 79' lang='lat' dir='ltr'><em>regionis</em></span> <span class='ocrx_word' id='word_1_231' title='bbox 641 2902 769 2977; x_wconf 65' lang='lat' dir='ltr'><em>perfectis</em></span> <span class='ocrx_word' id='word_1_232' title='bbox 789 2903 819 2958; x_wconf 89' lang='lat' dir='ltr'><em>in</em></span> <span class='ocrx_word' id='word_1_233' title='bbox 834 2902 950 2977; x_wconf 77' lang='lat' dir='ltr'><em>Ligures</em></span> <span class='ocrx_word' id='word_1_234' title='bbox 964 2904 1142 2978; x_wconf 76' lang='lat' dir='ltr'><em>prouinciam</em></span> <span class='ocrx_word' id='word_1_235' title='bbox 1157 2903 1303 2979; x_wconf 78' lang='lat' dir='ltr'><em>proficisci</em></span> <span class='ocrx_word' id='word_1_236' title='bbox 1313 2903 1449 2979; x_wconf 85' lang='lat' dir='ltr'><em>parabat,</em></span> 
     </span>
     <span class='ocr_line' id='line_1_27' title="bbox 356 2999 1451 3076; baseline 0 -20"><span class='ocrx_word' id='word_1_237' title='bbox 356 2999 442 3056; x_wconf 83' lang='lat' dir='ltr'><em>tribus</em></span> <span class='ocrx_word' id='word_1_238' title='bbox 464 2999 575 3056; x_wconf 88' lang='lat' dir='ltr'><em>milibus</em></span> <span class='ocrx_word' id='word_1_239' title='bbox 588 3000 716 3075; x_wconf 88' lang='lat' dir='ltr'><em>peditum</em></span> <span class='ocrx_word' id='word_1_240' title='bbox 731 2999 925 3056; x_wconf 87' lang='lat' dir='ltr'><em>Romanorum</em></span> <span class='ocrx_word' id='word_1_241' title='bbox 947 3045 952 3056; x_wconf 91' lang='lat'><em>.</em></span> <span class='ocrx_word' id='word_1_242' title='bbox 976 3045 982 3056; x_wconf 92' lang='lat'><strong>.</strong></span> <span class='ocrx_word' id='word_1_243' title='bbox 1005 3045 1011 3057; x_wconf 90' lang='lat'>.</span> <span class='ocrx_word' id='word_1_244' title='bbox 1034 3001 1163 3076; x_wconf 64' lang='lat' dir='ltr'><em>acceptis·</em></span> <span class='ocrx_word' id='word_1_245' title='bbox 1185 3000 1278 3055; x_wconf 88' lang='lat' dir='ltr'><em>cadem</em></span> <span class='ocrx_word' id='word_1_246' title='bbox 1292 3001 1451 3074; x_wconf 89' lang='lat' dir='ltr'><em>prouincia,</em></span> 
     </span>
     <span class='ocr_line' id='line_1_28' title="bbox 288 3097 1451 3172; baseline 0 -20"><span class='ocrx_word' id='word_1_247' title='bbox 288 3163 291 3168; x_wconf 32' lang='grc' dir='ltr'>Ι</span> <span class='ocrx_word' id='word_1_248' title='bbox 356 3097 427 3152; x_wconf 90' lang='lat' dir='ltr'><em>idem</em></span> <span class='ocrx_word' id='word_1_249' title='bbox 443 3116 572 3152; x_wconf 86' lang='lat' dir='ltr'><em>numerus</em></span> <span class='ocrx_word' id='word_1_250' title='bbox 585 3097 712 3172; x_wconf 84' lang='lat' dir='ltr'><em>peditum</em></span> <span class='ocrx_word' id='word_1_251' title='bbox 736 3142 741 3153; x_wconf 93' lang='lat'><em>.</em></span> <span class='ocrx_word' id='word_1_252' title='bbox 764 3141 770 3154; x_wconf 88' lang='lat'><strong>.</strong></span> <span class='ocrx_word' id='word_1_253' title='bbox 793 3141 798 3154; x_wconf 88' lang='lat'><em>.</em></span> <span class='ocrx_word' id='word_1_254' title='bbox 821 3106 848 3153; x_wconf 90' lang='lat' dir='ltr'><em>ct</em></span> <span class='ocrx_word' id='word_1_255' title='bbox 866 3097 981 3172; x_wconf 86' lang='lat' dir='ltr'><em>collegae</em></span> <span class='ocrx_word' id='word_1_256' title='bbox 1002 3098 1119 3153; x_wconf 88' lang='lat' dir='ltr'><em>decretus</em></span> <span class='ocrx_word' id='word_1_257' title='bbox 1133 3106 1200 3162; x_wconf 89' lang='lat' dir='ltr'><em>erat,</em></span> <span class='ocrx_word' id='word_1_258' title='bbox 1223 3097 1356 3153; x_wconf 84' lang='lat' dir='ltr'><em>exercitus</em></span> <span class='ocrx_word' id='word_1_259' title='bbox 1377 3117 1451 3152; x_wconf 92' lang='lat' dir='ltr'><em>acce·</em></span> 
     </span>
     <span class='ocr_line' id='line_1_29' title="bbox 352 3191 1452 3271; baseline 0.002 -23"><span class='ocrx_word' id='word_1_260' title='bbox 352 3201 454 3268; x_wconf 87' lang='lat' dir='ltr'><em>perant</em></span> <span class='ocrx_word' id='word_1_261' title='bbox 474 3191 690 3270; x_wconf 87' lang='lat' dir='ltr'><em>(exspectemus</em></span> <span class='ocrx_word' id='word_1_262' title='bbox 718 3195 841 3252; x_wconf 83' lang='lat' dir='ltr'><em>fortasse</em></span> <span class='ocrx_word' id='word_1_263' title='bbox 862 3191 913 3271; x_wconf 87' lang='lat' dir='ltr'><em>hi),</em></span> <span class='ocrx_word' id='word_1_264' title='bbox 944 3213 1011 3268; x_wconf 86' lang='lat' dir='ltr'><em>quas</em></span> <span class='ocrx_word' id='word_1_265' title='bbox 1029 3194 1124 3268; x_wconf 79' lang='lat' dir='ltr'><em>priore</em></span> <span class='ocrx_word' id='word_1_266' title='bbox 1149 3213 1224 3249; x_wconf 90' lang='lat' dir='ltr'><em>anno</em></span> <span class='ocrx_word' id='word_1_267' title='bbox 1246 3237 1251 3249; x_wconf 95' lang='lat'><em>.</em></span> <span class='ocrx_word' id='word_1_268' title='bbox 1275 3238 1280 3249; x_wconf 95' lang='lat'>.</span> <span class='ocrx_word' id='word_1_269' title='bbox 1304 3239 1309 3250; x_wconf 92' lang='lat'><strong><em>.</em></strong></span> <span class='ocrx_word' id='word_1_270' title='bbox 1332 3193 1452 3250; x_wconf 88' lang='lat' dir='ltr'><em>consules</em></span> 
     </span>
     <span class='ocr_line' id='line_1_30' title="bbox 355 3289 1451 3365; baseline 0.004 -21"><span class='ocrx_word' id='word_1_271' title='bbox 355 3289 516 3346; x_wconf 77' lang='lat' dir='ltr'><em>habierunt.</em></span> <span class='ocrx_word' id='word_1_272' title='bbox 560 3291 723 3364; x_wconf 89' lang='lat' dir='ltr'><em>Quomodo</em></span> <span class='ocrx_word' id='word_1_273' title='bbox 741 3290 816 3348; x_wconf 89' lang='lat' dir='ltr'><em>haec</em></span> <span class='ocrx_word' id='word_1_274' title='bbox 831 3291 951 3348; x_wconf 91' lang='lat' dir='ltr'><em>dicendi</em></span> <span class='ocrx_word' id='word_1_275' title='bbox 972 3292 1158 3348; x_wconf 86' lang='lat' dir='ltr'><em>consuetudo</em></span> <span class='ocrx_word' id='word_1_276' title='bbox 1180 3298 1268 3348; x_wconf 88' lang='lat' dir='ltr'><em>aucta</em></span> <span class='ocrx_word' id='word_1_277' title='bbox 1288 3298 1378 3365; x_wconf 87' lang='lat' dir='ltr'><em>atque</em></span> <span class='ocrx_word' id='word_1_278' title='bbox 1400 3309 1451 3348; x_wconf 84' lang='lat' dir='ltr'><em>ex·</em></span> 
     </span>
     <span class='ocr_line' id='line_1_31' title="bbox 356 3387 1024 3465; baseline 0.003 -22"><span class='ocrx_word' id='word_1_279' title='bbox 356 3387 475 3463; x_wconf 84' lang='lat' dir='ltr'><em>planata</em></span> <span class='ocrx_word' id='word_1_280' title='bbox 496 3388 533 3446; x_wconf 91' lang='lat' dir='ltr'><em>sit</em></span> <span class='ocrx_word' id='word_1_281' title='bbox 553 3407 571 3446; x_wconf 86' lang='lat' dir='ltr'><em>a</em></span> <span class='ocrx_word' id='word_1_282' title='bbox 593 3388 694 3458; x_wconf 90' lang='lat' dir='ltr'><em>Plinio,</em></span> <span class='ocrx_word' id='word_1_283' title='bbox 716 3407 805 3464; x_wconf 84' lang='lat' dir='ltr'><em>supra</em></span> <span class='ocrx_word' id='word_1_284' title='bbox 825 3388 1024 3465; x_wconf 87' lang='lat' dir='ltr'><em>cognovimus</em></span> 
     </span>
    </p>
   </div>
   <div class='ocr_carea' id='block_1_3' title="bbox 356 3800 1452 3958">
    <p class='ocr_par' dir='ltr' id='par_1_4' title="bbox 356 3800 1452 3958">
     <span class='ocr_line' id='line_1_32' title="bbox 356 3800 1452 3878; baseline 0.001 -18"><span class='ocrx_word' id='word_1_285' title='bbox 356 3800 388 3878; x_wconf 87' lang='lat' dir='ltr'><em>b)</em></span> <span class='ocrx_word' id='word_1_286' title='bbox 411 3802 597 3860; x_wconf 91' lang='lat' dir='ltr'><em>Omittitur</em></span> <span class='ocrx_word' id='word_1_287' title='bbox 617 3803 843 3860; x_wconf 85' lang='lat' dir='ltr'><em>subiectum</em></span> <span class='ocrx_word' id='word_1_288' title='bbox 868 3803 902 3860; x_wconf 93' lang='lat' dir='ltr'><em>in</em></span> <span class='ocrx_word' id='word_1_289' title='bbox 929 3812 1108 3862; x_wconf 88' lang='lat' dir='ltr'><em>structura</em></span> <span class='ocrx_word' id='word_1_290' title='bbox 1134 3804 1353 3862; x_wconf 86' lang='lat' dir='ltr'><em>accusativi</em></span> <span class='ocrx_word' id='word_1_291' title='bbox 1375 3823 1452 3862; x_wconf 89' lang='lat' dir='ltr'><em>cum</em></span> 
     </span>
     <span class='ocr_line' id='line_1_33' title="bbox 806 3901 1000 3958; baseline 0.005 -2"><span class='ocrx_word' id='word_1_292' title='bbox 806 3901 1000 3958; x_wconf 82' lang='lat' dir='ltr'><em>infinitivo.</em></span> 
     </span>
    </p>
   </div>
   <div class='ocr_carea' id='block_1_4' title="bbox 356 4081 1453 4450">
    <p class='ocr_par' dir='ltr' id='par_1_5' title="bbox 356 4081 1453 4450">
     <span class='ocr_line' id='line_1_34' title="bbox 464 4081 1451 4158; baseline 0.002 -20"><span class='ocrx_word' id='word_1_293' title='bbox 464 4081 560 4140; x_wconf 90' lang='lat' dir='ltr'><em>Multo</em></span> <span class='ocrx_word' id='word_1_294' title='bbox 581 4082 699 4157; x_wconf 90' lang='lat' dir='ltr'><em>saepius</em></span> <span class='ocrx_word' id='word_1_295' title='bbox 720 4083 908 4158; x_wconf 90' lang='lat' dir='ltr'><em>supprimitur</em></span> <span class='ocrx_word' id='word_1_296' title='bbox 929 4082 1051 4140; x_wconf 90' lang='lat' dir='ltr'><em>subiecti</em></span> <span class='ocrx_word' id='word_1_297' title='bbox 1077 4081 1260 4140; x_wconf 89' lang='lat' dir='ltr'><em>accusativus</em></span> <span class='ocrx_word' id='word_1_298' title='bbox 1281 4081 1310 4138; x_wconf 92' lang='lat' dir='ltr'><em>in</em></span> <span class='ocrx_word' id='word_1_299' title='bbox 1331 4100 1451 4140; x_wconf 85' lang='lat' dir='ltr'><em>accusa·</em></span> 
     </span>
     <span class='ocr_line' id='line_1_35' title="bbox 357 4177 1451 4253; baseline -0.001 -18"><span class='ocrx_word' id='word_1_300' title='bbox 357 4177 407 4236; x_wconf 90' lang='lat' dir='ltr'><em>tivi</em></span> <span class='ocrx_word' id='word_1_301' title='bbox 422 4197 488 4235; x_wconf 89' lang='lat' dir='ltr'><em>curn</em></span> <span class='ocrx_word' id='word_1_302' title='bbox 503 4178 648 4235; x_wconf 84' lang='lat' dir='ltr'><em>infinitivo</em></span> <span class='ocrx_word' id='word_1_303' title='bbox 663 4187 815 4247; x_wconf 89' lang='lat' dir='ltr'><em>structura,</em></span> <span class='ocrx_word' id='word_1_304' title='bbox 837 4179 918 4237; x_wconf 89' lang='lat' dir='ltr'><em>cuius</em></span> <span class='ocrx_word' id='word_1_305' title='bbox 933 4178 974 4236; x_wconf 90' lang='lat' dir='ltr'><em>rei</em></span> <span class='ocrx_word' id='word_1_306' title='bbox 989 4177 1136 4253; x_wconf 85' lang='lat' dir='ltr'><em>exempla·</em></span> <span class='ocrx_word' id='word_1_307' title='bbox 1145 4177 1333 4234; x_wconf 91' lang='lat' dir='ltr'><em>inveniuntur</em></span> <span class='ocrx_word' id='word_1_308' title='bbox 1354 4178 1451 4234; x_wconf 91' lang='lat' dir='ltr'><em>omni-</em></span> 
     </span>
     <span class='ocr_line' id='line_1_36' title="bbox 356 4274 1453 4352; baseline -0.003 -19"><span class='ocrx_word' id='word_1_309' title='bbox 356 4277 411 4333; x_wconf 93' lang='lat' dir='ltr'><em>bus</em></span> <span class='ocrx_word' id='word_1_310' title='bbox 433 4275 548 4352; x_wconf 87' lang='lat' dir='ltr'><em>linguae</em></span> <span class='ocrx_word' id='word_1_311' title='bbox 572 4274 695 4333; x_wconf 89' lang='lat' dir='ltr'><em>Latinae</em></span> <span class='ocrx_word' id='word_1_312' title='bbox 719 4275 902 4351; x_wconf 88' lang='lat' dir='ltr'><em>temporibus</em></span> <span class='ocrx_word' id='word_1_313' title='bbox 923 4275 1125 4351; x_wconf 90' lang='lat' dir='ltr'><em>imprimisque</em></span> <span class='ocrx_word' id='word_1_314' title='bbox 1147 4274 1171 4332; x_wconf 91' lang='lat' dir='ltr'><em>si</em></span> <span class='ocrx_word' id='word_1_315' title='bbox 1186 4274 1349 4332; x_wconf 88' lang='lat' dir='ltr'><em>subiectum</em></span> <span class='ocrx_word' id='word_1_316' title='bbox 1370 4274 1453 4332; x_wconf 88' lang='lat' dir='ltr'><em>verbi</em></span> 
     </span>
     <span class='ocr_line' id='line_1_37' title="bbox 357 4371 1452 4450; baseline -0.001 -20"><span class='ocrx_word' id='word_1_317' title='bbox 357 4374 482 4450; x_wconf 88' lang='lat' dir='ltr'><em>regentis</em></span> <span class='ocrx_word' id='word_1_318' title='bbox 503 4381 533 4430; x_wconf 89' lang='lat' dir='ltr'><em>et</em></span> <span class='ocrx_word' id='word_1_319' title='bbox 553 4372 711 4432; x_wconf 87' lang='lat' dir='ltr'><em>accusativi</em></span> <span class='ocrx_word' id='word_1_320' title='bbox 739 4391 807 4432; x_wconf 92' lang='lat' dir='ltr'><em>cum</em></span> <span class='ocrx_word' id='word_1_321' title='bbox 837 4373 981 4430; x_wconf 80' lang='lat' dir='ltr'><em>infinitivo</em></span> <span class='ocrx_word' id='word_1_322' title='bbox 1002 4373 1083 4430; x_wconf 90' lang='lat' dir='ltr'><em>idem</em></span> <span class='ocrx_word' id='word_1_323' title='bbox 1104 4380 1156 4441; x_wconf 87' lang='lat' dir='ltr'><em>est,</em></span> <span class='ocrx_word' id='word_1_324' title='bbox 1178 4371 1349 4448; x_wconf 85' lang='lat' dir='ltr'><em>saepissime</em></span> <span class='ocrx_word' id='word_1_325' title='bbox 1370 4373 1452 4448; x_wconf 89' lang='lat' dir='ltr'><em>apud</em></span> 
     </span>
    </p>
   </div>
   <div class='ocr_carea' id='block_1_5' title="bbox 0 0 1598 5212">
    <p class='ocr_par' dir='ltr' id='par_1_6' title="bbox 0 0 1598 5212">
     <span class='ocr_line' id='line_1_38' title="bbox 0 0 1598 5212; baseline 0 0"><span class='ocrx_word' id='word_1_326' title='bbox 0 0 1598 5212; x_wconf 95' lang='lat' dir='ltr'><em> </em></span> 
     </span>
    </p>
   </div>
  </div>
 </body>
</html>
