3188 5212
828 429 1003 485 „1g..

368 605 511 664 XXXIII
536 623 568 664 11
593 626 654 664 cum
676 627 775 664 corono
796 627 833 663 ex
852 626 941 676 auro,·
963 611 994 662 81
1015 606 1124 663 calicem
1146 627 1183 662 ex
1202 605 1313 676 electra·
1336 629 1381 680 139
1397 627 1467 664 oasa

368 724 405 762 ex
426 713 545 780 argento.
570 704 692 764 Talibus
707 705 885 762 dictionibus
906 704 1201 781 praepositionalibus
1222 704 1351 764 indicata
1365 705 1466 780 oppri-

368 810 489 860 muntur
519 803 612 860 modo
640 802 816 878 appellativa
845 803 924 860 velut
952 802 1013 860 VII
1035 817 1072 878 53
1093 803 1230 860 Antiocho
1258 803 1317 878 regi
1334 802 1468 880 Syriaca

360 898 442 975 plebe
455 896 506 975 (sc.
517 896 580 976 vir.)
597 899 707 956 nomim
716 899 827 956 Artemo
844 899 874 956 in
889 908 998 956 tantum
1011 898 1200 974 sr'rnib'sfuit;
1223 907 1256 956 bo
1272 900 1428 957 invenitur.
1441 944 1467 960 ..

372 994 404 1054 C.
431 994 590 1072 ctopinum
611 996 749 1054 Hilarum
770 1017 807 1052 cx
827 997 948 1073 ingenua
961 995 1042 1071 plebe
1061 994 1221 1052 Faesulana
1243 994 1293 1074 (sc.
1305 997 1409 1074 virum)
1422 1042 1428 1054 .
1441 1042 1465 1055 ..

367 1092 530 1159 immolasse,
563 1094 656 1150 modo
687 1093 864 1151 adiectivum
891 1094 936 1150 vel
966 1093 1119 1150 numerale
1144 1093 1331 1150 indefinitum
1352 1112 1465 1150 nomen

368 1189 571 1265 imprimisque
606 1209 696 1246 unus
720 1189 808 1246 velut
842 1189 934 1247 XVII
971 1205 1028 1264 245
1057 1189 1131 1248 Vccti
1160 1189 1292 1247 Marcelli
1323 1211 1336 1246 c
1362 1191 1468 1264 primis

367 1287 495 1361 equestris
514 1286 640 1354 ordime-
666 1285 712 1343 IX
727 1284 764 1360 67
786 1285 904 1343 Asinius
929 1285 1005 1344 Celer
1032 1307 1045 1342 e
1070 1287 1258 1344 consularibus
1267 1307 1281 1354 ,¹
1310 1304 1343 1360 77
1368 1288 1467 1344 Vedius

366 1382 464 1452 Pollio,
486 1403 564 1459 eques
584 1383 740 1450 Romanus,
763 1404 799 1440 cx
822 1384 920 1441 amices
947 1384 1010 1440 divi
1027 1383 1168 1458 Augusti,·
1198 1389 1232 1456 89
1259 1405 1330 1458 quae
1354 1385 1467 1442 Trebius

366 1481 460 1557 Niger
477 1501 491 1538 c
511 1481 655 1538 comitibus
688 1482 746 1538 eius
772 1481 920 1557 prodidil,·
956 1481 1001 1538 XI
1030 1497 1084 1554 114
1114 1481 1234 1538 Alcman
1262 1502 1276 1538 e
1305 1481 1467 1540 clam'ssimis

371 1577 505 1636 Graeciae
518 1578 627 1653 poetis,·
649 1578 774 1635 XXXII
793 1595 826 1636 12
830 1595 847 1652 3
867 1579 940 1635 secut
957 1578 1143 1635 Messalinum
1166 1577 1337 1656 (Interemit)
1366 1600 1380 1635 e
1400 1600 1465 1637 con-

366 1674 505 1732 sularibus
512 1675 662 1751 patriciis·
683 1674 792 1731 XXXI
808 1688 824 1749 7
841 1676 958 1749 quisuit
970 1695 984 1730 c
997 1674 1100 1732 libertis
1113 1676 1189 1744 cius,·
1204 1676 1282 1733 VIII
1299 1689 1336 1750 55
1354 1676 1466 1734 Hanno

366 1792 380 1830 a
400 1771 560 1829 clarissimis
580 1771 742 1828 Poenorum.

474 1869 545 1927 Hoc
575 1887 696 1945 quoque
726 1869 757 1926 111
787 1869 884 1944 capite
913 1870 1005 1926 multo
1032 1871 1149 1928 excedit
1170 1870 1279 1929 Plinius
1302 1890 1318 1928 6
1339 1889 1465 1929 consue·

367 1966 470 2024 tudine
499 1975 625 2041 recepta,
655 1985 722 2024 cum
753 1976 869 2041 praeter
898 1967 1074 2042 appellativa
1104 1968 1160 2026 alia
1191 1987 1313 2045 quoque
1342 1969 1465 2026 nomina

366 2063 521 2139 supprimit
542 2063 672 2120 dictione
692 2063 934 2138 praepositiouali
955 2065 1089 2122 absolute
1109 2065 1206 2140 posita
1227 2066 1305 2123 velut
1327 2066 1373 2122 IX
1389 2079 1425 2140 73
1441 2077 1467 2121 ct

366 2159 493 2233 eplanis
515 2157 565 2236 (sc.
587 2157 695 2237 pisces)
717 2158 870 2236 aliquando
892 2181 947 2218 11011
968 2161 1071 2218 babent
1083 2163 1203 2238 pinnas;
1226 2162 1335 2219 XXXI
1361 2179 1415 2237 109
1439 2163 1469 2218 si

366 2264 392 2311 et
412 2256 510 2312 imbres
524 2256 682 2330 adsacrum,
707 2258 826 2314 1111111111
838 2259 958 2333 flumine
973 2257 1023 2336 (sc.
1040 2258 1148 2337 aquae)
1164 2260 1287 2328 addam·
1309 2259 1464 2316 XXXVII

370 2367 421 2426 151
451 2350 605 2410 Callaicum
628 2364 727 2412 uocant
746 2375 759 2412 e
779 2355 888 2414 turbido
909 2356 1029 2414 callaina
1051 2356 1101 2431 (sc.
1124 2354 1274 2433 lapidem).

467 2449 579 2508 Nescio
614 2471 652 2510 an
686 2452 733 2510 hic
763 2454 868 2511 afferre
898 2453 970 2510 mihi
1000 2454 1086 2511 liceat
1116 2453 1335 2512 insolentiorem
1366 2453 1464 2510 locum

366 2545 508 2603 XXXIII
531 2563 577 2622 29,
599 2549 649 2605 ubi
671 2558 732 2607 est:
764 2549 847 2607 anuli
866 2550 1016 2606 distraxere
1037 2549 1152 2605 alterum
1168 2551 1290 2606 ordimem
1306 2570 1324 2606 a
1331 2549 1464 2625 plebe...

365 2643 436 2699 sr'cut
460 2643 555 2699 lunc'ca
581 2644 616 2700 ab
642 2645 736 2702 anulc's
760 2655 886 2702 senatum
894 2667 908 2714 ‚·
944 2645 1114 2704 brevissime
1140 2646 1220 2703 enim
1245 2647 1303 2703 hoc
1329 2647 1464 2703 ultimum

366 2739 478 2797 dictum
500 2747 543 2797 est
565 2758 633 2815 pro:
663 2741 738 2799 sicut
759 2743 859 2800 tunica
873 2751 1009 2800 senatum
1024 2743 1155 2802 distinxit
1169 2745 1207 2801 ab
1221 2745 1263 2813 iis,
1279 2745 1330 2820 qui
1344 2744 1464 2802 anulum

366 2843 488 2911 gestant.

738 3133 882 3197 Primus
908 3151 1091 3197 excursus.

433 3288 488 3347 De
508 3290 683 3366 genetivo
704 3292 906 3370 singularis
928 3295 1170 3369 pronominis
1191 3297 1404 3372 possessivi

739 3389 915 3448 neutrius
935 3393 1088 3467 generis.

473 3523 598 3582 Brevem
620 3525 692 3582 mihi
713 3527 800 3586 liceat
819 3547 975 3588 excursum
996 3531 1092 3589 facere
1113 3532 1172 3588 1106
1193 3532 1259 3588 1060
1274 3533 1313 3588 (16
1326 3533 1461 3609 genetivo

365 3617 517 3696 singularis
546 3621 730 3695 pronominis
764 3626 921 3698 possessivi
955 3628 1084 3685 neutrius
1118 3628 1240 3703 generis
1277 3648 1345 3686 cum
1375 3647 1461 3704 supra

365 3716 513 3775 nonnullis
534 3717 605 3776 locis
626 3728 726 3777 actum
747 3721 783 3779 sit
797 3723 836 3779 de
850 3723 995 3799 genetiv0,
1012 3742 1071 3798 quo
1087 3725 1205 3783 dicendi
1220 3726 1348 3783 brevitas
1365 3728 1461 3802 aliqua

366 3812 497 3871 efficitur.
541 3814 601 3872 Hic
623 3817 703 3874 enim
723 3819 875 3894 genetivus
896 3839 914 3878 a
935 3820 1122 3896 scriptoribus
1142 3823 1295 3898 prosaicae
1325 3824 1462 3882 orati0uIs

365 3917 395 3967 et
415 3910 511 3984 poetis
532 3920 689 3988 argenteae
710 3914 866 3986 latinitatis,
889 3935 966 3992 quae
987 3918 1099 3990 dicitur,
1121 3921 1309 3978 substantivis
1340 3922 1463 3979 adicitur

364 4025 419 4082 pro
440 4007 607 4082 possessivo
628 4011 806 4085 pronomine
820 4013 964 4072 adiective
978 4015 1083 4090 posito,
1099 4036 1167 4075 cum
1181 4017 1293 4092 priores
1307 4019 1462 4094 scriptores

366 4103 445 4162 hunc
474 4105 644 4181 genetivum
674 4118 790 4184 ponant
818 4129 880 4168 non
910 4111 965 4169 nisi
994 4114 1162 4188 genetivum
1194 4113 1381 4186 obiectivum‚
1413 4116 1462 4193 qui

365 4200 517 4276 dependet
538 4220 556 4260 a
570 4204 754 4264 substantivo
769 4207 886 4278 verbali,
903 4209 985 4283 quod
1000 4209 1143 4285 sigmticat
1152 4226 1311 4284 personam
1325 4221 1462 4288 agentem

365 4296 445 4355 velut
466 4309 654 4358 accusator
672 4305 742 4359 mei
765 4312 795 4360 et
816 4323 832 4362 e
853 4305 1052 4375 substantivis,
1082 4323 1158 4381 quae
1184 4307 1344 4365 admittunt
1371 4329 1461 4386 geue·

365 4394 457 4454 tivum
479 4397 658 4454 obiectivum
679 4400 758 4457 velut
778 4403 943 4472 studium,
976 4403 1147 4474 memoria,
1177 4405 1200 4462 si
1226 4413 1287 4464 tota
1310 4423 1355 4464 res
1374 4407 1460 4483 signi-
