3188 5212
142 591 298 667 scriptores
313 591 424 666 priores
438 591 519 648 velut
533 591 613 665 apud
629 589 764 647 Plautum
779 588 1051 666 Terentiumque¹)‚
1073 591 1103 646 in
1118 591 1238 649 Cicero-

142 689 238 746 nianis
252 688 396 746 rarissime
411 697 505 746 exstat
520 689 594 745 haec
608 686 723 762 ellipsis,
739 705 956 762 nonnunquam
970 687 1001 743 in
1012 687 1195 745 Caesarianis
1201 682 1224 763 ²)
1229 707 1237 761 ;

144 786 308 861 complures
322 785 404 843 locos
419 785 557 842 Livianos
573 784 687 860 collegit
702 784 963 842 Drakenborchius
985 786 1024 842 ad
1046 785 1120 841 Livii
1147 801 1168 854 1,
1192 801 1238 859 23,

144 897 161 958 5
177 891 205 941 et
219 899 266 955 42,
285 898 328 950 10,
354 895 397 956 15,
412 882 631 957 praecipueque
645 881 768 939 adhibet
782 881 880 938 Livius
895 881 973 939 hanc
988 881 1238 940 constructionem

140 979 362 1056 grammaticam
376 979 407 1035 in
422 979 565 1036 infinitivo
580 979 667 1036 futuri
682 979 767 1036 activi
782 979 874 1036 verbo
888 999 955 1035 esse
969 977 1147 1053 ommissobl,
1170 997 1238 1036 cum

141 1095 160 1133 e
181 1076 316 1133 Pliniano
337 1075 445 1151 scripto
467 1083 511 1132 tot
540 1076 636 1133 afferri
669 1076 783 1151 possint
805 1076 949 1151 exempla,
978 1085 1010 1133 ut
1031 1075 1135 1132 dixerit
1157 1077 1236 1151 quis·

141 1173 221 1247 piam
243 1172 433 1230 omissionem
454 1171 577 1230 subiecti
598 1172 754 1230 accusativi
782 1191 851 1230 cum
871 1173 1016 1230 infinitivo
1044 1181 1236 1247 praeceptum

141 1269 365 1345 grammaticum
380 1268 547 1326 Plinianum
569 1288 640 1326 esse.
683 1270 743 1327 Sed
764 1289 803 1327 ne
824 1289 886 1328 rem
902 1278 1000 1327 actam
1021 1287 1151 1344 agamus,
1174 1269 1238 1328 illos

141 1365 213 1422 mihi
233 1365 386 1442 perpende
407 1365 488 1423 locos
509 1366 548 1422 ab
569 1365 631 1424 aliis
652 1365 718 1422 viris
740 1365 915 1424 doctissimis
937 1363 1115 1441 collectostt.

274 1704 303 1783 c)
326 1706 513 1765 Omittitur
533 1706 737 1764 subiectum
758 1707 907 1764 ablativi
929 1707 1095 1765 absoluti.

249 1863 339 1921 Porro
360 1880 400 1920 ne
414 1863 485 1920 illud
507 1862 629 1938 quidem
644 1862 759 1919 videtur
780 1864 998 1939 neglegendum
1021 1864 1109 1921 etiarn
1131 1864 1161 1920 in
1183 1865 1236 1921 ab·

141 1961 230 2020 lativo
251 1960 387 2018 absoluto
414 1959 508 2017 omitti
539 1959 699 2018 ablativum
729 1960 861 2029 subiecti,
892 1981 927 2018 ac
958 1962 1085 2036 primum
1107 1961 1236 2036 quidem,

141 2059 223 2135 quod
254 2057 383 2115 maxime
404 2066 448 2114 est
468 2057 621 2133 singulare,
651 2057 867 2115 substantivum
897 2060 993 2133 ipsum
1015 2058 1095 2115 nullo
1118 2067 1236 2116 antece·

140 2157 232 2213 dente
252 2154 407 2224 vocabulO,
437 2173 473 2211 ex
495 2172 555 2230 quo
577 2155 706 2229 suppleri
727 2155 863 2230 potuerit,
895 2155 976 2213 cuius
1004 2156 1045 2212 rei
1066 2157 1158 2212 modo
1180 2156 1238 2213 hoc

141 2252 310 2326 exemplum
330 2251 461 2308 invenire
482 2251 566 2326 potui
587 2250 650 2308 XII
668 2251 718 2325 58:
734 2255 917 2327 prematque
938 2251 1075 2308 naturalis
1096 2253 1238 2310 vindemia

140 2351 212 2406 circa
226 2349 304 2404 canis
317 2357 406 2404 ortum
419 2346 646 2422 flagrantissimo
667 2357 749 2416 aestu,
773 2349 956 2405 incidentibus
977 2346 1027 2425 (sc.
1043 2348 1235 2426 hominibus),

139 2466 195 2520 qna
226 2444 350 2500 maxime
371 2442 500 2499 videatur
524 2463 576 2499 esse
596 2455 758 2519 praegnans
780 2443 915 2521 (cortex),
944 2464 1074 2521 quocum
1096 2446 1163 2502 loco
1185 2465 1236 2503 ex·

140 2541 232 2617 ceptis
253 2540 356 2615 prioris
387 2539 535 2597 latinitatis
557 2540 745 2616 scriptoribus
774 2550 864 2617 atque
891 2541 1017 2600 classicis
1045 2542 1092 2599 ille
1122 2551 1236 2599 tantum

140 2639 222 2697 locus
243 2637 395 2696 Tacitinus
416 2646 462 2696 est
482 2638 689 2708 conferendus,
721 2639 773 2714 qui
801 2648 898 2698 exstat
928 2639 958 2696 in
980 2639 1106 2716 Agricol.
1136 2659 1159 2696 c.
1186 2639 1235 2696 18:

131 2738 246 2811 famam
269 2737 360 2804 aneti,
376 2735 586 2792 aestimantibus
607 2733 656 2812 (sc.
673 2734 863 2811 hominibus),
885 2746 992 2812 quanta
1004 2738 1103 2811 fntnn'
1119 2748 1164 2812 spe
1177 2746 1235 2793 tam

140 2854 244 2909 magna
279 2832 418 2898 tacuisset,
469 2833 520 2888 ubi
561 2833 771 2890 aestimantibus
809 2852 875 2892 esse
914 2834 1047 2892 dativum
1082 2834 1237 2892 contendit

139 2927 263 3006 Pete15).

245 3026 305 3083 Sed
326 3026 423 3084 minus
444 3026 573 3084 insolens
588 3035 632 3084 est
653 3027 727 3084 haec
748 3027 863 3102 ellipsis,
886 3029 910 3085 si
931 3029 1096 3085 subiectum
1117 3027 1236 3085 ablativi

137 3123 264 3181 absoluti
285 3132 329 3181 est
343 3123 485 3181 omissum
506 3142 672 3199 pronomen
687 3124 953 3181 demonstrativum
967 3132 1037 3181 ante
1052 3123 1235 3181 enuntiatum

138 3216 329 3297 relativum),
352 3239 442 3296 quam
463 3229 638 3278 structuram
652 3230 770 3296 praeter
788 3219 860 3277 alios
882 3219 963 3278 locos
984 3220 1092 3277 multos
1115 3219 1235 3294 legimus

248 3514 273 3582 1)
290 3518 321 3570 cl.
340 3519 377 3569 R.
397 3517 550 3570 Kuehnerii:
570 3521 625 3571 Lat.
646 3518 803 3569 Grammatik
821 3520 939 3570 Haunov.
964 3520 1030 3583 1877
1049 3519 1077 3566 II
1095 3535 1120 3585 p.
1137 3518 1235 3582 516sq.

138 3612 164 3653 et
182 3607 273 3653 Anton
292 3604 379 3656 Funlr:
408 3606 458 3654 Die
476 3607 632 3670 Auslassung
656 3607 701 3656 des
724 3607 991 3671 Subjectspronomens
1014 3608 1049 3655 im
1071 3609 1131 3658 Acc.
1151 3623 1171 3658 c.
1191 3607 1234 3658 inl.

136 3693 246 3741 beiden
265 3693 349 3746 latein.
370 3693 525 3752 Komikern;
544 3697 570 3742 in
588 3698 658 3746 Ann.
679 3695 763 3746 Fleck.
784 3703 844 3746 torn.
867 3707 913 3744 121
935 3711 960 3759 p.
981 3705 1031 3758 725
1044 3711 1099 3758 sqq.

245 3783 271 3842 2)
291 3783 321 3832 F.
342 3783 377 3832 H.
397 3781 446 3834 Th.
467 3782 582 3836 Fischer:
601 3782 793 3832 Rectionslehre
811 3783 915 3832 Caesars
940 3783 1022 3831 Halae
1045 3783 1110 3846 1855
1130 3783 1189 3834 IS.
1212 3796 1233 3848 1,

138 3869 169 3920 L.
190 3867 354 3918 Kuehnastii:
374 3869 431 3919 Liv.
446 3871 551 3935 Syntax‚
565 3871 676 3919 Berolini
698 3871 772 3935 1872,
793 3870 836 3919 ubi
849 3871 974 3919 uberrime
993 3878 1110 3919 tractatur
1119 3869 1158 3919 hic
1167 3886 1234 3921 usus.

244 3956 273 4022 3)
292 3956 322 4007 cl.
351 3958 386 4007 A.
414 3957 558 4020 Draegerii:
593 3957 750 4007 Historische
779 3959 873 4023 Syntax
906 3958 951 4007 der
979 3958 1061 4010 latein.
1090 3957 1199 4022 Sprache
1217 3967 1234 4011 t.

136 4044 205 4108 Hp.
226 4057 287 4106 414.

243 4130 271 4194 4)
289 4133 319 4183 cf.
336 4132 360 4196 J.
380 4131 497 4181 Muelleri
519 4133 535 4184 l.
555 4132 571 4184 l.
588 4149 613 4197 p.
635 4144 667 4197 74
678 4149 717 4198 sq,
736 4134 765 4184 C.
786 4134 921 4198 Mayhoflii
940 4135 958 4187 l.
978 4135 996 4186 1.
1016 4151 1041 4199 p.
1062 4145 1093 4197 43
1114 4135 1171 4188 adn.
1192 4135 1233 4199 26,

136 4220 166 4269 L.
186 4218 347 4283 Grasbergeri
366 4219 382 4271 l.
401 4219 420 4273 l.
439 4237 464 4285 p.
485 4221 569 4284 8sqq.

245 4304 271 4372 5)
289 4308 319 4359 cl.
338 4310 373 4358 A.
393 4309 486 4372 Draeg.
506 4308 524 4359 l.
544 4308 561 4356 l.
580 4309 607 4356 II
626 4325 652 4373 p.
671 4310 723 4374 760
737 4326 774 4374 sq.

243 4395 270 4460 6)
288 4396 319 4447 cl.
338 4398 373 4448 A.
393 4396 485 4461 Draeg.
504 4398 520 4449 l.
541 4398 558 4450 l.
578 4399 648 4463 Hp.
668 4401 734 4462 760;
765 4401 800 4452 R.
821 4399 939 4451 Kiihner.
964 4399 979 4452 l.
999 4399 1016 4450 l.
1035 4401 1063 4448 H
1081 4415 1105 4465 p.
1129 4400 1178 4465 578
1192 4417 1231 4466 sq.
