3188 5212
626 446 803 502 ..47-

268 611 326 674 Alii
346 613 474 692 genetivi
494 613 540 672 his
560 612 749 671 Inveniuntur
769 611 855 671 locis:

148 713 186 770 V
206 727 222 787 7
246 714 276 771 in
299 713 393 771 ac'cina
414 712 522 770 lunares
536 711 646 786 circuli;
668 711 729 769 VII
746 728 783 784 24
798 711 829 767 in
844 711 1007 768 marciliana
1019 711 1132 785 Indiam
1151 709 1261 768 XXXI

205 812 244 885 78
259 822 314 887 per
331 810 445 885 Afm'cae
464 810 608 880 sitientia·
631 825 671 884 50
691 810 754 867 dein
777 809 903 865 maximo
924 817 1000 865 aestu
1020 809 1050 865 in
1072 809 1263 866 excelsean'bus

201 908 301 984 oppidi
318 909 387 984 riget
407 905 525 985 (aqua);
555 906 711 964 XXXVII
736 922 793 963 110
815 907 940 962 nascetur
951 914 1018 982 post
1035 926 1132 963 aversa
1152 907 1261 964 Indiae.

269 1005 425 1081 Temporis
446 1004 693 1081 significationem
714 1003 867 1061 continent
886 1003 962 1062 baec
983 1004 1134 1079 exempla:

148 1103 193 1160 II
221 1101 275 1160 128
296 1112 426 1178 tepescens
454 1103 497 1159 ad
514 1103 601 1158 aoctc's
629 1102 720 1159 media
732 1103 855 1176 femora
885 1101 961 1158 XVI
983 1103 1022 1175 30
1043 1103 1116 1158 circa
1134 1115 1262 1178 sepiema

203 1201 333 1258 flieronis.
368 1199 505 1257 Similiter
525 1200 657 1275 sequitur
676 1199 830 1278 genetivus
851 1200 1029 1256 adiectivum
1044 1198 1157 1276 obliqui
1177 1219 1262 1258 casus

203 1307 322 1372 tempus
342 1294 524 1373 significans:
546 1297 578 1354 II
599 1313 657 1373 219
679 1297 778 1354 mediis
798 1304 948 1372 temporum
970 1297 1122 1354 caracobilcs
1143 1295 1262 1374 (putei);

205 1408 262 1468 232
293 1403 319 1450 et
338 1402 431 1451 nostra
459 1393 532 1450 vellet
557 1403 634 1452 aetas
653 1394 778 1451 Neronis
798 1394 939 1469 principis
964 1395 1110 1469 sccpremis;
1141 1394 1202 1452 VII
1225 1411 1261 1470 33

196 1493 330 1568 proxime
349 1492 482 1568 supremis
503 1491 566 1548 dc'ai
583 1491 712 1567 Augusti.

272 1589 382 1646 Mirum
403 1589 475 1646 mihi
504 1608 569 1647 esse
597 1590 713 1648 videtur
742 1597 968 1666 memoratuque
996 1590 1127 1666 dignum,
1158 1591 1182 1648 si
1209 1610 1263 1666 pro

155 1687 302 1766 genetivo
330 1687 461 1763 sequitur
489 1687 668 1744 adiectivum
693 1687 875 1744 substantive
903 1687 1032 1764 positum
1060 1687 1185 1758 dativus,
1214 1688 1263 1764 qui

157 1787 241 1844 solet
254 1785 385 1861 pendere
406 1803 442 1842 ex
464 1785 529 1860 ipso
544 1783 700 1854 adiectivo‚
723 1802 813 1860 quem
828 1802 914 1842 usum
930 1784 989 1842 iam
1004 1785 1170 1842 invenimus
1183 1785 1264 1860 apud

158 1885 289 1943 Livium.
331 1884 366 1942 cf.
391 1900 436 1952 21,
468 1900 498 1939 11
516 1883 648 1958 patentia
670 1882 767 1938 ricinis.
810 1881 901 1957 Apud
924 1882 1049 1938 Plinium
1076 1882 1199 1957 legimus
1220 1881 1264 1938 IV

160 1983 206 2040 80
228 1982 322 2038 vaccae
342 1979 469 2058 (gentes)
492 1980 571 2036 laon·
588 1979 716 2055 adposita
737 1987 854 2051 tenccere3
882 1978 913 2036 ΙΙ
937 1994 992 2035 212
1015 1979 1056 2035 ad
1073 1978 1145 2035 caeli
1162 1980 1221 2035 ima
1242 1989 1267 2034 et

161 2077 319 2135 meridiano
341 2079 481 2135 contraria
495 2077 635 2134 accedente
654 2075 762 2155 (lunal,
785 2075 862 2133 VIII
883 2092 935 2133 112
959 2077 989 2132 in
999 2076 1136 2151 parcendo
1156 2077 1267 2132 semeles

163 2176 261 2232 mima
273 2184 371 2232 cavent
383 2175 516 2232 humanis
530 2173 649 2250 vestigiis
669 2174 758 2237 ln'tas,
774 2191 859 2247 quam
873 2181 973 2229 secreta
987 2174 1090 2247 etfen's
1104 2181 1265 2248 opportuna.

274 2271 429 2328 Interdum
450 2289 572 2347 quoque
594 2289 630 2328 ex
651 2270 797 2327 adiectivo
827 2269 940 2344 pendet
970 2269 1060 2325 dictio
1090 2269 1265 2343 praepositi-

164 2367 268 2425 onalis
311 2369 346 2424 cf.
368 2367 510 2426 XXXIII
531 2384 578 2444 94,
600 2367 652 2425 ubi
673 2375 730 2425 est:
754 2366 915 2439 contexique
929 2377 990 2440 par
1008 2374 1046 2421 est
1066 2365 1170 2440 reliqua
1192 2367 1265 2422 circa

164 2466 218 2522 icoc
237 2465 253 2522 i.
276 2484 300 2523 e.
323 2466 434 2542 reliqua
463 2465 550 2523 huius
570 2465 693 2542 generis,
724 2481 803 2539 quae
826 2471 969 2520 structura
999 2463 1122 2520 fortasse
1143 2473 1208 2520 orta
1228 2465 1266 2522 sit

164 2581 205 2620 ex
227 2580 269 2631 ea,
291 2562 338 2619 cui
352 2563 452 2621 similis
473 2571 524 2631 est,
547 2580 625 2638 quae
646 2561 777 2620 adnectit
791 2560 980 2618 substantivis
994 2559 1156 2617 dictionem
1176 2579 1263 2636 prae-

166 2659 373 2734 positionalem
404 2660 485 2717 nullo
506 2659 659 2735 participio
680 2658 822 2718 adiuncto
846 2656 924 2715 velut
944 2656 1070 2714 XXXII
1092 2656 1126 2714 81
1151 2658 1262 2715 calicem

166 2755 324 2814 eccleciae.
367 2756 437 2814 Huc
458 2757 607 2832 pertinent
638 2775 759 2833 quoque
781 2756 826 2813 IV
852 2755 906 2828 148
929 2775 1004 2812 necne
1028 2755 1134 2831 reliqua
1161 2757 1191 2813 in
1213 2777 1261 2813 ara

167 2853 200 2911 II
223 2869 254 2927 31
275 2853 380 2930 reliqua
400 2857 472 2910 inter
490 2852 595 2910 coelam
616 2863 759 2929 terrasque.

276 2951 341 3009 Iam
362 2970 451 3028 supra
471 2952 626 3010 docuimus
648 2970 738 3027 saepe
760 2970 796 3008 ex
810 2951 1022 3009 sententiarum
1037 2970 1161 3022 conexu,
1184 2953 1266 3028 quod

167 3050 384 3108 substantivum
405 3050 435 3107 in
456 3050 515 3108 boc
536 3050 748 3108 adiectivorum
769 3067 823 3106 usu
844 3048 1075 3125 intellegendum
1096 3057 1180 3118 esset,
1205 3050 1266 3107 elu-

169 3166 245 3217 cere,
276 3165 375 3223 neque
396 3147 493 3206 minus
514 3147 572 3205 hoc
594 3148 628 3204 fit
649 3147 679 3203 in
700 3147 756 3216 illa,
787 3147 826 3203 de
857 3164 915 3221 qua
936 3165 1017 3202 nunc
1044 3146 1203 3222 disputabo
1224 3147 1267 3204 lo·

169 3245 282 3321 quendi
302 3245 525 3303 consuetudine.
569 3245 641 3302 Non
672 3263 739 3302 raro
760 3243 840 3301 enirn
863 3243 973 3300 Plinius
995 3243 1091 3301 verbis
1112 3244 1267 3301 transitivis

167 3345 237 3401 loco
258 3342 382 3401 subiecti
402 3343 448 3400 vel
470 3342 578 3400 obiecti
599 3340 774 3400 substantivi
803 3341 981 3399 adiectivum
1002 3340 1132 3398 neutrius
1153 3340 1267 3416 generis

168 3441 261 3499 addit.
292 3439 395 3514 Qualis
416 3439 590 3498 substantivi
610 3439 693 3498 notio
715 3439 744 3496 in
767 3439 811 3497 his
832 3439 922 3497 lateat
942 3437 1101 3506 adiectivis,
1124 3455 1161 3494 ex
1176 3438 1268 3494 verbu

103 3585 107 3589 .
168 3537 379 3614 praedicativo,
410 3555 447 3594 ex
468 3556 529 3613 quo
550 3537 728 3595 adiectivum
750 3537 870 3611 pendet,
902 3537 947 3593 vel
972 3555 1008 3592 ex
1030 3544 1093 3593 toto
1115 3535 1268 3593 enuntiato

169 3635 309 3712 cognosci
330 3634 412 3692 solet.
435 3635 471 3692 cf.

170 3732 219 3790 IX
244 3731 278 3789 18
299 3731 432 3790 accedunt
451 3734 531 3808 apud
549 3753 590 3790 mc
610 3742 677 3789 certe
696 3733 818 3807 ffcacia
841 3730 869 3809 (i.
881 3750 905 3788 e.
928 3739 1025 3788 certae
1040 3731 1176 3788 efficaces
1198 3747 1267 3786 cau·

212 3828 283 3907 sae),
306 3839 337 3886 ut
355 3830 464 3886 credam
487 3839 540 3888 etc.
562 3829 685 3887 XXXV
707 3827 744 3903 67
766 3828 934 3886 Parrhasius
956 3872 962 3883 .
985 3872 990 3883 .
1014 3872 1019 3883 .
1050 3836 1076 3882 et
1096 3827 1151 3902 ipse
1181 3826 1269 3882 mcclta

212 3927 328 3985 contulit
346 3927 364 3985 i.
386 3947 410 3986 e.
432 3929 539 3986 multas
559 3946 653 3986 novas
673 3927 805 4003 picturae
835 3943 967 3998 normas;
999 3932 1162 3999 sequuntur
1189 3924 1269 3980 enim

212 4026 302 4083 verba
316 4025 429 4101 prtinus
455 4026 642 4102 symmetriam
656 4026 785 4101 picturae
815 4023 896 4080 dedet.
939 4023 1026 4079 Idem
1056 4022 1117 4079 fere
1146 4021 1269 4097 legimus

213 4136 252 4198 79
268 4123 395 4198 pc'ctarae
407 4123 496 4199 plura
524 4122 598 4180 seim
618 4166 624 4180 .
647 4166 653 4180 .
676 4167 682 4179 .
714 4121 835 4178 contulit.
878 4121 915 4178 Iu
944 4120 1023 4178 libris
1053 4121 1092 4177 de
1122 4117 1270 4175 medicina

213 4220 368 4297 agentibus
389 4229 506 4278 exstant
526 4219 635 4276 XXXI
652 4235 671 4294 9
693 4219 723 4276 ia
744 4217 871 4275 Aenaria
893 4217 987 4274 insola
1008 4215 1150 4273 calculosis
1170 4213 1274 4269 medeci

213 4337 252 4375 sc.
275 4318 438 4390 doloribus;
460 4317 521 4374 VII
545 4333 583 4374 20
604 4318 681 4374 cac'as
701 4326 775 4373 tactu
797 4315 905 4372 lc'eaosc‘s
927 4314 1090 4371 accedebatur.

625 4465 837 4476 ....-...--.----
