3188 5212
266 1385 343 1443 Cum
365 1383 484 1441 dicendi
514 1384 700 1442 consuetudo
725 1384 955 1459 uniuscuiusque
975 1383 1099 1459 linguae,
1130 1383 1202 1440 dum
1223 1383 1253 1439 in

157 1501 214 1540 usu
235 1490 287 1549 est,
309 1489 437 1538 mutetur
463 1499 563 1556 neque
585 1480 661 1537 ullus
689 1480 811 1562 scriptor
832 1498 868 1537 ex
889 1482 1146 1556 grammaticorum
1167 1497 1253 1554 prae·

160 1578 259 1655 ceptis,
292 1578 345 1637 sed
376 1578 420 1635 sui
449 1577 540 1652 ipsius
561 1586 697 1634 naturam
717 1586 834 1636 secutus
855 1595 939 1634 suam
970 1577 1088 1634 dicendi
1109 1575 1253 1634 rationem

159 1677 274 1745 formet,
296 1676 335 1733 de
356 1675 586 1750 uniuscuiusque
607 1674 753 1751 scriptoris
774 1675 893 1750 propria
918 1675 1018 1733 indole
1039 1694 1076 1733 ex
1097 1675 1187 1750 ipsius
1208 1673 1253 1731 di·

159 1773 247 1832 cendi
266 1790 375 1848 genere
404 1779 503 1846 potest
529 1771 640 1846 optime
667 1771 811 1847 disputari
840 1780 930 1846 atque
951 1772 1096 1848 singulare
1126 1770 1188 1828 eius
1209 1770 1253 1827 in·

159 1868 278 1946 genium
308 1867 338 1924 in
368 1867 464 1924 lucem
495 1866 626 1942 proferri.
678 1867 872 1944 Principalem
902 1876 1002 1925 autem
1032 1868 1130 1926 locum
1160 1867 1191 1923 in
1212 1866 1254 1937 iis,

160 1984 287 2044 quorum
309 1964 428 2022 dicendi
449 1964 643 2030 consuetudo,
665 1963 795 2022 insolens
826 1964 1046 2022 enuntiatorum
1075 1963 1254 2022 constructio

159 2061 348 2136 maximeque
368 2059 604 2136 breviloquentia
633 2060 663 2116 in
685 2060 811 2136 legendo
832 2060 935 2118 oculos
965 2061 996 2117 in
1017 2079 1050 2118 se
1071 2068 1254 2129 convertunt,

160 2158 274 2217 obtinet
295 2156 404 2214 Plinius
425 2156 588 2226 Secundus,
618 2157 886 2232 praestantissimus
904 2157 1028 2233 scriptor
1049 2157 1190 2214 naturalis
1210 2156 1255 2213 hi·

159 2255 266 2315 storiae
280 2255 393 2330 optima
407 2255 525 2312 fortuna
539 2253 700 2312 memoriae
710 2255 853 2331 proditae,
869 2255 908 2312 de
922 2255 1004 2312 cuius
1019 2254 1138 2312 dicendi
1147 2271 1256 2330 genere

159 2361 189 2412 et
203 2352 343 2428 imprimis
357 2351 593 2426 breviloquentia
606 2351 764 2409 nonnullas
778 2352 888 2409 contuli
898 2351 1133 2424 observationes;
1149 2369 1255 2427 quam·

160 2467 250 2526 quam
271 2466 334 2514 non
354 2450 459 2524 ignoro
479 2446 558 2504 hanc
588 2465 650 2504 rem
681 2447 752 2503 nihil
772 2465 833 2504 non
864 2448 975 2505 habere
995 2447 1114 2522 negotii,
1136 2466 1196 2522 qua
1216 2449 1256 2505 de

160 2565 250 2605 causa
270 2564 365 2621 usque
386 2544 485 2603 adhuc
506 2563 567 2601 non
589 2543 672 2601 multi
693 2543 744 2601 viri
770 2544 851 2602 docti
872 2545 1095 2620 disputaverunt
1115 2544 1155 2601 de
1170 2542 1255 2600 Plinii

110 2672 114 2679 ·
159 2640 283 2701 naturali
303 2639 431 2704 historia.
453 2640 483 2696 in
505 2640 612 2716 quibus
633 2639 762 2698 maxime
783 2640 855 2697 mihi
876 2640 984 2698 auxilio
1005 2648 1165 2698 venerunt:

267 2738 299 2796 L.
330 2737 362 2795 L.
394 2736 589 2813 Grasberger:
620 2737 669 2795 De
698 2756 754 2795 usu
784 2737 926 2806 Pliniano‚
958 2737 1140 2814 Wirceburgi
1166 2734 1256 2810 1860;

160 2836 234 2894 1011„
248 2833 388 2892 Mueller:
425 2833 487 2890 Der
517 2833 569 2891 Stil
600 2834 654 2892 des
684 2835 796 2892 alteren
828 2834 947 2902 Plinius,
979 2833 1142 2910 Oeniponti
1167 2834 1257 2908 1883;

160 2933 194 2991 C.
225 2931 421 3007 Mayhollius:
453 2929 706 2989 Lucubrationum
738 2931 937 2990 Plinianarum
968 2932 1127 3008 specimen,
1159 2931 1256 2989 Vrati-

159 3028 268 3088 slaviae
293 3025 375 3103 1865.

267 3125 344 3184 Cum
365 3133 474 3194 autern,
506 3143 584 3200 quae
612 3125 643 3182 hi
674 3124 725 3182 viri
747 3125 909 3184 doctissimi
930 3126 1121 3201 protulerunt,
1152 3143 1257 3201 parum

159 3222 292 3298 perlecta
313 3222 491 3299 expletaque
521 3221 593 3279 mihi
614 3240 679 3280 esse
709 3203 872 3291 videantur,
904 3222 1026 3280 inanem
1047 3222 1180 3280 laborem
1207 3239 1257 3278 me

160 3319 308 3394 suscipere
328 3336 390 3375 non
411 3318 535 3376 arbitror
565 3319 666 3376 denuo
696 3320 735 3376 de
760 3318 818 3376 hac
839 3337 870 3377 re
901 3319 1063 3394 disputans
1084 3317 1257 3394 praesertim

160 3433 230 3473 curn
250 3416 288 3472 ab
309 3414 364 3474 illis
386 3415 453 3473 viris
481 3415 577 3474 doctis
597 3434 703 3491 parum
733 3417 772 3474 ad
794 3416 886 3475 linem
917 3417 1009 3474 ducta
1038 3416 1076 3474 sit
1103 3434 1148 3473 res
1178 3414 1256 3483 ideo,

161 3513 242 3589 quod
264 3513 391 3588 singulas
421 3513 561 3571 naturalis
581 3500 721 3571 historiae
748 3522 846 3588 partes
868 3532 930 3571 non
958 3521 1182 3589 separaverunt;
1212 3513 1257 3570 di·

160 3609 368 3684 stinguendum
390 3609 468 3666 enirn
489 3618 534 3667 est
554 3609 630 3667 inter
643 3628 694 3668 eas
707 3619 814 3684 partes
835 3611 866 3667 in
881 3611 988 3686 quibus
999 3610 1107 3669 Plinius
1117 3611 1205 3668 refert
1219 3610 1258 3668 de

152 3706 261 3781 ‚aliqua
281 3724 321 3774 re,
340 3705 492 3782 inquibus
507 3706 598 3764 habet
612 3707 844 3781 disputationem
858 3706 1103 3782 philosophicam,
1126 3706 1258 3782 denique

159 3803 307 3878 inquibus
322 3802 361 3859 de
376 3802 494 3877 singulis
508 3802 664 3878 generibus
678 3802 853 3877 plantarum,
869 3803 1040 3861 animalium
1054 3801 1259 3878 imprimisque

160 3899 445 3957 medicamentomm
466 3897 602 3973 loquitur,
625 3899 731 3974 quibus
746 3899 776 3956 in
791 3900 1076 3957 medicamentorum
1090 3897 1169 3956 libris
1190 3900 1259 3956 bre-

161 3996 279 4055 vissime
296 3995 444 4071 scripsisse
466 4013 549 4052 more
570 3996 754 4054 medicorum
770 3996 904 4068 Plinium,
927 3997 992 4074 quis
1014 4005 1058 4055 est
1079 3997 1130 4074 qui
1150 3998 1257 4073 neget?

162 4092 331 4151 Perstrinxit
345 4101 447 4150 tamen
462 4093 540 4150 hanc
554 4111 616 4150 rem
629 4093 732 4168 paucis
745 4095 841 4152 verbis
860 4095 941 4152 idem
966 4095 997 4152 L.
1014 4094 1195 4170 Grasberger
1213 4094 1229 4151 Ι.
1242 4094 1258 4152 l.

161 4189 219 4265 p.8
234 4207 302 4248 cum
312 4189 397 4249 dicit:
420 4209 490 4248 usus
504 4189 612 4248 medici
627 4198 672 4248 est
686 4189 827 4266 imprimis
842 4191 949 4266 ellipsis
968 4191 1104 4250 vocabuli
1118 4191 1206 4248 febris
1227 4191 1258 4246 in

161 4286 240 4343 libris
254 4286 294 4344 de
308 4287 463 4357 medicina,
474 4288 520 4346 vel
531 4307 606 4364 pars,
618 4306 705 4363 aqua,
714 4289 885 4346 remedium.
923 4289 1013 4347 Hanc
1021 4287 1259 4346 observationem

161 4401 226 4441 esse
247 4393 358 4442 rectam
384 4385 494 4443 docent
516 4403 571 4445 nos
602 4385 709 4443 medici
730 4385 793 4461 ipsi,
825 4403 842 4443 e
875 4403 1001 4462 quorum
1032 4384 1146 4460 scriptis
1167 4382 1260 4442 Gras-
