3188 5212
413 871 628 972 scriptor
657 870 717 950 do
745 869 846 950 vita
874 889 975 949 sua.

255 1197 351 1256 Natus
373 1216 438 1255 sum
460 1198 665 1255 Ferdinandus
686 1196 818 1255 Gaillard
833 1215 858 1253 a.
874 1197 902 1253 d.
924 1202 1040 1253 sextum
1055 1195 1099 1253 Id.
1115 1196 1244 1255 Decem·

149 1300 215 1355 bres
246 1296 315 1354 anni
345 1295 658 1354 MDCCCLXXVHI
689 1296 719 1350 in
749 1293 863 1370 oppido
893 1293 932 1350 ad
964 1293 1104 1351 Rhenum
1135 1295 1244 1352 llumen

148 1395 213 1461 sit0,
236 1393 282 1450 cui
303 1411 415 1450 nomen
437 1400 481 1450 est
497 1391 678 1460 Molihemia,
700 1399 784 1466 patre
799 1390 887 1448 Petro
908 1397 1002 1447 matre
1017 1391 1106 1448 Anna
1128 1399 1246 1468 egente

149 1491 277 1564 Sieberg,
299 1507 378 1573 quos
396 1489 565 1564 superstites
587 1506 651 1546 esse
672 1488 800 1546 maxime
821 1488 945 1563 gaudeo.
979 1487 1084 1545 Fidem
1106 1490 1247 1564 profiteor

150 1586 333 1645 catholicam.
377 1586 479 1643 Primis
510 1585 670 1643 litterarum
702 1585 854 1642 elementis
884 1583 1006 1642 inludo
1029 1586 1141 1661 patriae
1163 1605 1247 1644 meae

151 1685 281 1742 imbutus
302 1702 375 1758 puer
396 1682 536 1740 tredecim
557 1701 704 1740 annorum
725 1682 912 1758 gymnasium
940 1681 999 1739 adii
1021 1682 1247 1751 Molihemense,

151 1781 233 1839 cuius
254 1799 307 1855 per
328 1789 396 1838 octo
418 1800 513 1838 annos
535 1781 576 1837 fui
590 1779 734 1847 alumnus.
767 1779 943 1838 Maturitatis
958 1781 1095 1838 examine
1109 1790 1248 1856 superato

152 1878 183 1935 in
211 1896 367 1935 numerum
389 1878 496 1935 civium
511 1877 749 1936 academicorum
771 1876 935 1951 adscriptus
951 1877 1075 1934 Bonnae
1089 1895 1248 1953 perunum

152 1983 293 2033 semestre
314 1975 391 2032 colui
412 1975 509 2033 studia
530 1974 704 2050 theologica,
736 1973 847 2031 deinde
870 1992 923 2049 per
944 1974 1076 2050 quinque
1097 1976 1249 2034 semestria

153 2090 276 2147 operam
297 2072 368 2129 decli
388 2071 493 2130 studiis
520 2070 684 2147 philologia,
716 2089 794 2147 quae
815 2089 864 2128 me
888 2072 1054 2128 docuemnt
1074 2071 1125 2129 viri
1140 2072 1248 2130 doctis-

152 2168 218 2226 simi
240 2168 392 2237 Bficheler,
424 2167 548 2238 Usener,
580 2167 667 2237 Elter,
700 2167 928 2235 Radermacher,
960 2167 1104 2238 Solmsen,
1131 2169 1249 2239 Nissen,

154 2264 333 2323 Loeschcke.
379 2265 462 2341 Regii
496 2265 711 2340 philologorum
746 2263 948 2339 proseminarii
970 2265 1136 2326 Bonnensis
1171 2286 1249 2326 eram

154 2360 262 2418 sodalis
292 2380 345 2436 per
365 2369 504 2437 quattuor
525 2361 683 2419 semestria.
726 2360 842 2433 Quibus
869 2360 1010 2417 absolutis
1041 2381 1109 2419 vere
1130 2363 1251 2422 ineunte

154 2457 225 2514 anni
247 2457 393 2515 MCMHI
416 2457 534 2515 Almam
565 2457 761 2532 Philippinam
783 2457 978 2516 Academiam
1007 2458 1251 2535 Marpurgensem

154 2554 252 2630 petivi,
279 2573 340 2630 quo
361 2556 427 2613 loco
449 2575 502 2631 per
522 2555 577 2613 tria
598 2555 750 2613 semestria
771 2555 941 2613 continuavi
963 2557 1067 2625 studia,
1097 2576 1166 2615 cum
1188 2577 1250 2617 ma·
1302 2589 1307 2602 =

154 2651 249 2727 gistris
270 2670 339 2709 usus
370 2652 424 2710 sim
456 2652 521 2710 viris
544 2651 708 2710 clarissimis
730 2651 798 2715 Birt,
825 2651 933 2722 Maass,
965 2653 1064 2723 Niese,
1096 2655 1147 2730 qui
1168 2656 1251 2712 beni-

157 2747 296 2822 gnissime
311 2749 513 2823 permiserunt,
546 2757 578 2804 ut
600 2747 761 2806 seminariis
779 2748 930 2824 philologo
945 2749 1151 2826 historicoque,
1164 2752 1253 2810 inter·

155 2863 260 2915 essem,
281 2854 434 2920 praeterea
445 2845 559 2914 Cohen,
582 2865 606 2902 ν.
618 2847 646 2902 d.
660 2846 756 2922 Ropp,
779 2846 887 2921 quibus
906 2848 1044 2906 omnibus
1065 2849 1130 2907 viris
1141 2851 1253 2925 optime

157 2942 197 2998 de
231 2960 280 3002 me
314 2942 432 3011 meritis,
467 2942 608 3018 imprimis
630 2942 730 3013 Birtio,
766 2943 817 3018 qui
846 2952 906 3001 tam
930 2963 1019 3020 saepe
1047 2948 1169 3005 consilio
1204 2967 1253 3005 me

157 3037 277 3105 adiuvit,
308 3037 456 3096 summam
477 3056 594 3115 semper
614 3039 733 3097 habebo
763 3040 894 3116 gratiam.
937 3041 1072 3099 Examen
1093 3044 1254 3120 rigorosum

157 3134 233 3191 subii
254 3153 280 3192 a.
302 3136 331 3191 d.
354 3135 376 3191 Ι.
406 3135 478 3193 idus
499 3136 683 3193 Decembres
704 3136 773 3194 anni
796 3135 944 3193 MCMIV.
